3317 4984
691 554 725 599 te
745 552 861 599 muo.
1227 538 1284 599 809

222 714 282 774 scd
298 717 407 779 nimis
423 718 586 781 verecunde
600 716 669 775 mihi
690 716 851 795 gmtuluris'
891 716 983 775 Putes
997 717 1082 788 enim,
1094 726 1127 774 ut
1139 717 1248 788 soritis,

221 816 366 889 propter
396 814 523 873 hominis
546 812 643 872 sordes
665 813 760 871 minus
782 830 829 871 me
850 816 986 889 mu'gne'm
1006 812 1085 871 illum
1108 813 1248 870 laetitiam

222 916 358 982 putare
415 908 525 970 Credas
538 910 609 967 mihi
617 909 706 967 velim
717 908 808 985 magis
819 927 866 967 me
875 907 985 983 judicio
996 908 1146 984 hecquem
1156 917 1248 968 morte

221 996 369 1063 *muniet
387 1002 539 1065 laetatum.
580 1003 714 1063 Primum
727 1003 804 1061 enim
812 996 923 1079 judicio
935 1000 1032 1062 ¹⁰mulo
1045 1022 1131 1079 quem
1145 1005 1248 1081 gladio,

222 1098 350 1159 deiude
376 1100 476 1179 gioria
494 1098 608 1177 ”potius
628 1098 712 1157 umidi
726 1114 812 1174 quum
825 1098 995 1157 cuiumimte.
1034 1098 1070 1157 Iu
1090 1100 1246 1175 primisque
1270 1114 1286 1159 e

225 1208 284 1252 me
306 1194 482 1255 delectavit
502 1204 612 1254 tuntum
631 1192 756 1253 studium
769 1195 910 1251 boucmm
922 1194 953 1250 in
966 1211 1013 1252 me
1026 1194 1170 1253 exstitisse
1182 1212 1248 1253 ocu·

226 1300 281 1348 ιιι
296 1291 515 1353 incredibilem
530 1290 738 1351 contentionem
751 1286 923 1349 1’clarissimi
936 1298 966 1348 et
980 1290 1169 1366 potentissimi
1181 1291 1246 1348 uiri.

228 1384 261 1442 3.
287 1380 471 1461 Postremo,
483 1388 549 1465 (vix
563 1386 718 1446 verisimile
732 1384 854 1445 {butum
863 1386 1019 1465 udmmq)
1029 1387 1147 1445 ederem
1157 1388 1247 1446 multo

229 1482 328 1559 pejue'
354 1485 441 1545 huno
454 1502 540 1560 quum
560 1482 641 1541 illum
661 1484 755 1560 ipsum
770 1480 911 1541 clodium.
950 1482 1039 1541 Illum
1051 1485 1126 1541 enim
1139 1502 1248 1560 oppug-

228 1596 365 1652 narem,
382 1582 461 1639 hunc
473 1576 666 1639 defenderam.
708 1578 749 1636 Et
762 1576 819 1650 ille,
828 1596 917 1653 quum
928 1578 1021 1636 omnic
1033 1592 1081 1637 res
1094 1579 1246 1654 pubiicein
1256 1592 1287 1641 1⁰

231 1692 309 1733 meo
325 1678 433 1755 cupite
447 1676 600 1735 disoimen
609 1682 685 1734 esset
698 1674 841 1745 hobitum,
849 1690 986 1750 magnum
993 1669 1131 1749 quiddam
1138 1684 1248 1750 specte-

231 1771 305 1841 vit3
328 1790 396 1832 nec
415 1790 467 1832 suu
487 1780 595 1849 sponte,
608 1771 660 1829 sed
680 1784 781 1829 eorum
794 1770 912 1841 auxilio,
925 1770 985 1846 qui,
996 1786 1044 1827 me
1056 1778 1157 1841 stante,
1170 1778 1246 1829 sture

235 1884 302 1924 non
319 1876 478 1945 poterunt:
498 1867 545 1925 hic
559 1864 686 1925 simiolus
699 1860 807 1923 ¹⁸enimi
820 1882 908 1923 ceusu
920 1882 976 1937 me,
987 1864 1018 1921 in
1030 1881 1117 1939 quem
1129 1865 1247 1924 invehe-

235 1972 344 2036 retur,
369 1964 516 2041 delegerat
536 1970 776 2039 permutes-etque
795 1961 939 2019 nonnullis
957 1960 1063 2019 invidis
1082 1960 1154 2019 meio
1171 1978 1204 2019 se
1216 1957 1247 2019 in

236 2076 294 2117 me
310 2060 502 2119 monrium
515 2074 629 2135 semper
648 2056 718 2117 ioue.
759 2052 954 2131 Quamobrem
969 2056 1054 2114 vuido
1069 2054 1159 2131 jubeo
1177 2071 1286 2133 geu-to

239 2155 323 2215 dere
339 2164 392 2215 te:
412 2174 518 2234 magns
531 2172 577 2215 res
591 2163 673 2232 gestu
687 2162 737 2214 est.
778 2152 947 2228 Numquam
960 2152 1013 2210 ulii
1026 2150 1156 2210 iustiores
1169 2153 1247 2212 cives
1279 2166 1283 2174 ·

240 2249 386 2325 fuerunt,
400 2270 486 2329 quem
507 2252 556 2327 qui
577 2250 640 2310 eusi
660 2258 727 2308 sunt
744 2265 811 2309 eum
824 2258 923 2307 contre
935 2256 1029 2307 tantm
1041 2266 1111 2323 opes
1124 2247 1195 2323 ejus,
1208 2246 1247 2308 ¹⁴2

242 2366 312 2425 quo
337 2349 395 2426 ipsi
418 2348 485 2407 lecti
507 2346 622 2423 judices
648 2356 738 2418 munt,
761 2346 959 2405 condemnere.
1001 2343 1088 2418 Quod
1113 2342 1247 2405 iecissent

245 2442 486 2521 nunqnumnisi
507 2444 543 2503 iis
557 2443 647 2502 dolori
670 2460 752 2503 meus
775 2440 877 2500 iiuiseet
888 2441 977 2499 dolor.
1017 2441 1045 2497 t
1065 2437 1129 2498 Nes
1148 2440 1195 2499 hic
1214 2440 1245 2499 iu

247 2536 443 2599 multitudine
457 2548 487 2597 et
506 2535 669 2597 celebritate
685 2536 859 2612 judiciorum
871 2544 902 2594 et
913 2536 996 2594 nouis
1009 2528 1122 2611 legibus
1135 2535 1177 2595 itu
1189 2534 1286 2596 dis-2⁰

249 2634 395 2707 tinemut,
408 2644 441 2693 ut
453 2634 580 2710 quotidie
593 2641 661 2691 vote
673 2630 821 2701 faciemus,
832 2626 892 2689 ”ue
907 2628 1101 2702 intercaletur,
1113 2638 1147 2688 ut
1158 2648 1246 2705 quum

251 2730 387 2807 primum
400 2738 430 2788 te
443 2730 542 2789 videre
555 2729 703 2805 possimus.

551 3054 821 3119 EPISTOLA
860 3053 999 3116 XIX!

258 3212 1283 3282 (ea.ntuuee0muu·uoyeunsnoummeueseptsu.c.sm)

430 3342 464 3393 s„
483 3342 515 3394 u.
531 3340 560 3394 c.
578 3344 632 3393 um.
666 3342 734 3393 sne
751 3342 781 3395 c.
798 3340 831 3393 u.
848 3346 887 3393 ω.
917 3342 988 3393 mu
1007 3337 1059 3393 cie
1077 3339 1115 3391 ss.

342 3470 414 3525 Coss.
430 3470 494 3523 dun
512 3470 664 3523 Summus
681 3471 786 3533 Bonus,
803 3470 842 3521 tt
860 3468 1005 3522 Ouunius
1020 3469 1200 3521 tinctum.

293 3612 380 3677 Quum
396 3614 518 3679 eupetiote
535 3630 599 3666 enno
616 3624 716 3665 senstns
727 3614 840 3665 consulto
851 3621 951 3664 cnutum
960 3620 1030 3676 esest,
1041 3628 1073 3663 uc
1083 3615 1140 3678 quis
1149 3614 1284 3679 pncton'us

260 3706 305 3745 eut
315 3695 450 3745 coumluuis
461 3696 526 3745 intus
537 3696 731 3761 quinquennium
740 3698 766 3747 in
776 3697 930 3762 pruvinum
940 3697 993 3757 uec,
1003 3695 1082 3745 coscu
1092 3702 1151 3747 suut
1159 3695 1178 3744 ii
1187 3695 1285 3759 provin·

261 3774 312 3825 cius
323 3776 503 3839 administrae,
515 3778 558 3842 qui
570 3778 594 3827 in
606 3794 648 3829 ens
658 3780 814 3829 sconsulutn
822 3787 849 3829 et
857 3784 972 3843 emtum
981 3777 1202 3828 noudumimunt
1235 3775 1285 3827 Itu·

261 3869 309 3921 que
327 3854 441 3907 Oicemni
458 3858 546 3923 obtigit
566 3857 654 3909 Cilicio
670 3872 715 3925 pm
733 3858 835 3909 consule
852 3859 967 3924 mendo,
977 3872 1036 3908 cum
1050 3857 1160 3907 exucitu
1172 3856 1284 3921 peditum

260 3932 323 3985 m
341 3952 385 3999 m.‚
401 3939 510 4005 equitum
526 3938 643 3989 MMDO.

294 4014 419 4067 Successit
426 4018 585 4083 inprovincis
592 4018 643 4083 Ap.
654 4016 766 4069 claudio
790 4007 939 4068 hodienum
949 4018 975 4067 iu
986 4016 1137 4083 provinciam
1144 4014 1211 4066 venit
1221 4010 1284 4080 prid

263 4090 318 4145 mu
331 4096 402 4150 Sext.

268 4170 1278 4207 ——.—...—.-——..Aa.-—-——U

641 4230 908 4283 *sutum
