3317 4984
407 545 467 605 884
855 560 974 605 onurro

443 720 564 797 judices,
576 730 606 780 et
618 740 722 799 mogon
734 722 766 779 in
778 729 930 797 utrumque
944 729 1062 799 purtem,
1075 728 1107 779 ut
1125 738 1220 797 neque
1234 721 1364 793 timeum,
1377 722 1424 797 qui

446 818 519 875 nihil
532 818 730 888 commiserint,
742 826 773 875 et
785 834 907 894 poenam
925 835 1038 892 semper
1055 827 1121 875 unte
1139 817 1237 875 oculos
1251 817 1364 875 versari
1376 836 1425 893 pn·

447 920 517 983 tent,
531 914 581 988 qui
594 914 746 989 peccarint
782 913 828 969 62.
849 912 954 988 Neque
969 930 1037 971 vero
1050 913 1110 971 sins
1122 913 1234 971 ratione
1247 922 1329 971 certe
1341 930 1425 971 uuum

446 1006 565 1066 Milonis
577 1026 691 1084 semper
703 1026 723 1065 u
734 1016 835 1065 senum
849 1009 968 1083 probatu
981 1016 1033 1065 est.
1067 1006 1211 1065 Videbunt
1223 1008 1300 1065 cuim
1313 1008 1425 1083 snpien-

425 1103 551 1162 ttissimi
570 1104 700 1161 homines
718 1100 798 1161 ‘lecti
810 1104 959 1173 monem,
973 1104 1163 1179 praesentium
1176 1104 1272 1173 enimi,
1285 1102 1425 1163 defensio-

447 1197 492 1255 nis
512 1198 707 1257 coustumim
746 1197 797 1255 An
820 1214 891 1255 vero
912 1197 991 1255 obliti
1010 1198 1088 1266 setis,
1103 1196 1223 1272 judices,
1242 1198 1354 1255 recenti
1376 1197 1425 1257 illo

446 1289 559 1350 ‘nunno
577 1293 655 1350 necis
670 1290 837 1363 Clodianae,
850 1310 907 1350 non
928 1292 1012 1349 modo
1032 1292 1208 1349 inimicorum
1227 1292 1348 1349 Milonis
1368 1311 1425 1351 seo

447 1404 545 1445 mones
566 1398 596 1445 et
617 1387 771 1463 opiniones,
793 1387 845 1469 sed
867 1387 1066 1445 nonnullorum
1090 1388 1177 1445 etium
1196 1382 1424 1463 ‘imperitorumi

448 1481 600 1559 Negubent
612 1500 679 1541 eum
693 1482 815 1541 Bomnm
828 1500 891 1541 esse
904 1482 1072 1541 rediburum.
1109 1467 1157 1539 63ss
1171 1480 1239 1543 Sive
1251 1484 1331 1539 enim
1344 1478 1423 1539 'illud

410 1579 543 1638 ltunimo
562 1578 636 1637 irato
653 1596 688 1637 uc
707 1579 814 1655 percito
833 1578 954 1649 ledsset,
974 1586 1007 1636 ut
1027 1578 1160 1636 incensus
1182 1576 1246 1637 odio
1269 1578 1424 1637 uuoidnu

446 1675 599 1746 inimicum,
611 1671 838 1745 θιιτὴίιτιιῑιιιιιιιιτ,
849 1692 915 1734 eum
929 1675 1001 1733 tenti
1014 1684 1135 1733 mortem
1145 1673 1181 1731 P.
1192 1672 1283 1733 Clodii
1298 1683 1424 1749 putasse,

447 1776 480 1827 ut
501 1788 595 1845 nequo
616 1770 711 1827 animo
731 1770 825 1845 putria
845 1779 962 1841 cureret,
981 1786 1071 1844 quum
1091 1770 1228 1845 sunguine
1246 1769 1355 1827 inimici
1374 1788 1425 1827 ex·

447 1866 552 1942 plesset
564 1866 661 1923 odium
674 1883 766 1935 suum,
779 1865 841 1923 sive
862 1865 949 1923 etiem
968 1865 1044 1922 illius
1064 1874 1155 1923 morte
1168 1865 1289 1941 putrium
1302 1864 1424 1923 liberere

447 1962 590 2033 voluisset,
613 1979 670 2019 non
690 1961 885 2019 dubitaturum
908 1960 1011 2019 fortem
1034 1961 1136 2030 nnn,
1156 1960 1235 2036 quin,
1258 1979 1351 2035 quum
1373 1979 1425 2019 eoo

410 2070 440 2117 15
448 2056 575 2134 periodo
586 2056 708 2115 sulutem
726 2056 768 2113 rei
787 2056 917 2132 publicse
933 2054 1081 2126 attulisset,
1093 2054 1207 2113 cederet
1223 2072 1317 2131 usquo
1329 2057 1426 2115 enimc

447 2152 565 2229 legibus,
578 2170 674 2210 secum
687 2150 814 2209 oulen-et
834 2150 953 2227 gloriam
968 2151 1175 2226 sempiternum,
1189 2151 1270 2209 nobis
1283 2152 1357 2211 hsec
1369 2151 1427 2211 fru-

447 2248 522 2305 endu
539 2247 720 2322 relinqueret,
739 2264 814 2321 quse
834 2248 895 2321 ipse
915 2254 1064 2305 servasset.
1103 2246 1191 2304 Multi
1210 2246 1298 2305 etiem
1316 2244 1427 2307 'Qun

446 2362 514 2403 nem
533 2353 620 2419 utque
639 2343 689 2401 illu
709 2352 840 2419 portentu
859 2342 1062 2418 loquebantur:
1082 2347 1099 2377 ‘⁶
1111 2342 1262 2419 Erumpet,
1275 2346 1427 2420 ocotrpohit

446 2439 572 2514 sliquem
595 2439 696 2509 locum,
716 2436 823 2496 bellum
848 2438 956 2513 patrius
977 2436 1088 2497 fuoiet’'
1135 2437 1258 2497 Miseros
1283 2439 1427 2497 interdum

408 2530 547 2594 tumeres
559 2534 666 2610 optime
678 2532 715 2591 de
728 2551 760 2590 re
779 2533 896 2608 publius
915 2534 1038 2603 meritos,
1052 2532 1081 2589 in
1101 2534 1203 2609 quibus
1223 2533 1354 2593 homines
1371 2554 1426 2593 nou

447 2630 589 2687 moderes
601 2626 839 2705 praeclarissimus
851 2628 1062 2697 obliviscuntur,
1071 2628 1121 2686 sed
1132 2627 1218 2687 etium
1228 2628 1355 2687 uelut-ies
1367 2648 1427 2689 sus·

447 2725 595 2803 picenturl
637 2727 683 2805 64.
704 2725 784 2801 Ergo
802 2726 853 2784 illu
865 2725 938 2785 fuiss
955 2725 1090 2796 fuerunt3
1109 2746 1184 2803 ques
1196 2736 1274 2787 certe
1288 2748 1362 2789 vero
1375 2750 1426 2789 ex·

448 2822 590 2893 stitissent,
604 2822 628 2879 si
642 2821 717 2880 Milo
729 2820 889 2881 admisisset
906 2820 1024 2898 aliquid,
1038 2823 1113 2898 quod
1126 2842 1182 2881 non
1196 2834 1293 2900 posset
1307 2826 1425 2885 honoete

449 2935 574 2993 vereque
586 2916 747 2976 defendere.

408 3024 442 3073 tt
488 3012 609 3070 XXIV.
651 3011 750 3088 Quid?
769 3010 854 3089 ¹quoe
868 3022 1047 3091 postessunt
1065 3013 1096 3072 in
1114 3032 1180 3075 eum
1193 3024 1340 3092 congestu,
1352 3034 1425 3093 quse

448 3109 578 3183 quemvis
597 3109 683 3167 etiem
703 3109 886 3167 mediocrium
906 3108 1073 3167 delictorum
1085 3106 1269 3169 'muscieutis
1289 3112 1426 3187 perculis-

447 3213 519 3273 sent,
531 3212 564 3261 ut
576 3203 726 3262 sustinuitl
745 3204 785 3261 dii
798 3202 989 3261 immortales!
1009 3202 1169 3262 sustinuit?
1188 3200 1288 3264 immo
1304 3224 1376 3264 vero
1394 3218 1425 3265 ut

447 3299 615 3373 contempsit
627 3316 663 3357 uc
676 3317 729 3375 pro
741 3298 830 3356 nihilo
843 3297 973 3373 putavit!
992 3317 1066 3374 quse
1085 3317 1178 3374 neque
1191 3302 1319 3361 maximo
1331 3303 1426 3359 animo

446 3411 560 3464 nocens,
579 3412 674 3469 neque
693 3394 837 3463 innocens,
857 3393 911 3451 nisi
930 3392 1099 3452 fortissimus
1119 3396 1171 3465 vir,
1184 3396 1332 3472 negligere
1346 3409 1426 3473 potu-

409 3489 525 3549 toisset
579 3487 740 3559 Scotorum,
766 3488 933 3564 gladiorum,
959 3486 1104 3547 frenorum
1131 3488 1311 3564 pilorumque
1338 3491 1426 3549 etiem

451 3584 601 3643 multitudo
619 3584 794 3660 deprehendi
813 3602 896 3659 posse
909 3580 1112 3643 indicebatur:
1132 3584 1242 3642 nullum
1254 3585 1285 3641 in
1299 3587 1372 3644 urbe
1385 3586 1426 3643 vi·

448 3699 521 3751 cum,
541 3680 652 3737 nudum
671 3681 853 3756 angiportum
872 3697 936 3739 esse
955 3680 1095 3749 dicebant,
1115 3681 1144 3737 in
1164 3699 1222 3756 quo
1241 3700 1298 3739 non
1321 3680 1426 3741 Miloni

448 3778 586 3835 conductu
599 3784 674 3834 esset
686 3776 804 3844 mmor:
822 3774 915 3834 ‘numu
927 3776 958 3833 in
973 3776 1071 3834 villum
1082 3772 1293 3836 “Ocriculanam
1306 3778 1427 3838 devecto

448 3872 559 3931 Tiberii
576 3873 678 3930 domus
690 3872 722 3929 in
735 3871 810 3930 cliro
825 3869 985 3948 Capitolino
998 3872 1085 3931 scutis
1098 3870 1214 3931 reform:
1235 3872 1321 3948 plenu
1332 3874 1426 3931 omniu

408 3963 653 4029 tt'mulleclorum
672 3967 710 4026 ed
732 3968 811 4025 urbis
834 3968 965 4025 ineundis
988 3979 1222 4044 comparatorum.
1264 3968 1350 4027 Haec
1369 3986 1426 4027 nou

447 4062 543 4121 deletu
565 4063 663 4133 solum,
687 4062 738 4121 sed
761 4080 853 4138 poene
876 4062 991 4131 credito,
1015 4080 1069 4120 nec
1090 4072 1158 4121 ente
1180 4063 1332 4139 repudistu
1354 4072 1426 4131 nunt

448 4175 535 4233 qoem
553 4159 692 4235 quaesite.
739 4158 786 4217 bb.
808 4156 975 4223 Leudsbem
996 4157 1128 4235 equidem
1147 4156 1346 4217 incredibilem
1365 4158 1426 4217 dili·
