3317 4984
710 546 837 591 ΔΤΗΟΟ.

585 802 856 865 EPISTOLA
894 802 957 865 VJ

462 963 526 1027 (Ser.
537 962 634 1021 Remm
644 971 750 1013 exeunte
762 962 867 1025 Quintili
877 962 912 1013 Δ
923 960 956 1013 U.
968 958 997 1013 Ο.
1008 962 1073 1025 bes.)

425 1088 460 1141 s
479 1088 511 1141 n.
528 1088 557 1141 c.
574 1094 628 1139 ess.
662 1089 730 1139 sss
748 1088 777 1141 c.
795 1089 826 1139 n.
844 1092 883 1139 aa.
913 1087 985 1139 nnn
1003 1087 1056 1141 cn„
1072 1052 1112 1140 is.

380 1216 452 1269 Ooss.
469 1216 499 1270 0.
514 1217 617 1269 Jnmns
635 1216 755 1279 cusan,
772 1217 809 1268 Μ,
828 1216 1009 1269 curamus
1024 1217 1161 1269 Braneus.

286 1360 376 1413 Cicero
387 1362 538 1427 legetionem
548 1361 593 1410 srbi
604 1376 621 1411 a
632 1359 735 1412 Caesare
746 1358 856 1412 oblatum
866 1367 1019 1427 aspernatur,
1037 1360 1152 1427 idemque
1161 1360 1244 1411 loeum
1254 1362 1282 1411 iu

248 1440 316 1491 XX.
329 1442 398 1491 Viris
417 1457 478 1507 agro
498 1440 627 1505 Campano
646 1440 781 1491 dividunde
792 1447 896 1491 recusat
931 1440 1006 1503 Quod
1017 1438 1109 1492 Ouesur
1119 1456 1192 1505 aegre
1201 1441 1280 1493 serem

252 1520 381 1582 clodium,
392 1522 436 1586 qui
453 1536 480 1571 se
497 1520 525 1570 P.
541 1520 645 1571 Fonteio
656 1521 751 1585 plebeio
761 1520 856 1571 homiui
866 1522 893 1570 in
903 1521 1060 1585 adoptionem
1070 1522 1177 1581 dederat,
1189 1522 1221 1570 ud
1231 1522 1282 1585 ple-

251 1600 312 1649 bem
322 1600 434 1650 uudueit
465 1599 523 1649 Heu
538 1614 605 1649 unne
618 1599 647 1651 0.
656 1600 790 1660 Antonius,
801 1608 859 1665 pest
868 1602 973 1650 reditum
982 1614 998 1651 e
1008 1602 1134 1665 provintia
1143 1612 1279 1663 seeum,

250 1696 269 1731 u
280 1680 402 1733 (litarem
418 1680 561 1731 defunditur.
595 1679 780 1731 condemnatus
798 1689 884 1731 tumen
900 1681 973 1731 exsul
989 1680 1040 1731 abit
1056 1680 1083 1731 in
1095 1680 1279 1746 Cephalleniam.

250 1760 347 1811 Postea
364 1760 451 1813 Oloem
469 1759 565 1809 Aulum
583 1759 719 1811 Thermum
737 1760 774 1811 bie
794 1760 910 1821 defendit,
921 1760 1056 1824 effecitque,
1067 1767 1096 1810 ut
1105 1760 1279 1812 absolveretur.

251 1839 353 1889 Deinde
363 1840 499 1889 orationem
510 1838 596 1887 habuit
606 1854 650 1903 pro
662 1838 691 1887 L.
704 1838 836 1888 Vsnnnro
850 1838 961 1889 Fmeee
975 1854 991 1887 s
1001 1838 1034 1888 D.
1043 1837 1128 1889 Laelio
1137 1841 1281 1903 repetunda·

251 1934 312 1969 rum
331 1926 455 1979 mensale,
476 1932 583 1982 eumque
602 1918 633 1967 de
652 1917 857 1967 manifestissimis
876 1918 1018 1967 criminibus
1031 1919 1081 1983 joel
1099 1920 1281 1983 opportunitute

250 2000 356 2048 exemit.

286 2077 389 2129 Queri
406 2076 510 2137 sensuli,
529 2077 656 2141 rogatione
666 2077 697 2127 P.
710 2076 807 2127 vatinii
817 2076 872 2126 trib.
883 2076 928 2141 pl,
939 2076 1018 2127 inrito
1026 2086 1121 2137 snm.
1132 2074 1216 2129 Gallis
1224 2078 1280 2128 site

249 2160 304 2209 sior
313 2172 373 2209 eum
390 2157 492 2222 illyrico
502 2164 528 2207 et
538 2157 615 2207 tribue
624 2156 762 2221 legionibus
773 2157 799 2205 in
809 2156 987 2221 quinquenium
997 2157 1142 2218 deeernitur,
1153 2172 1204 2222 que
1214 2156 1280 2208 lueto

251 2246 353 2289 sanstus
364 2237 387 2297 ei
399 2236 508 2287 Galliam
519 2236 659 2287 ulteriorem
671 2251 729 2285 cum
740 2236 790 2285 alie
800 2234 897 2299 legione
908 2236 984 2285 addit.
1018 2235 1047 2285 P.
1061 2234 1163 2287 Clodius
1174 2236 1279 2287 comitiis

251 2320 386 2371 tribunitiis
396 2318 449 2369 trib.
460 2317 494 2385 pl.
505 2317 647 2383 designatur
657 2331 763 2381 eumque
773 2316 925 2368 tribunatum
935 2317 987 2366 udit
996 2331 1080 2369 mense
1090 2317 1230 2367 Deeembr'u

608 2461 732 2524 &enno
753 2461 878 2523 Ambo
900 2460 931 2524 S.

297 2612 323 2667 1.
344 2608 393 2669 De
413 2628 446 2669 re
468 2609 582 2687 publiea
603 2606 671 2683 quid
693 2625 745 2685 ego
768 2606 820 2665 tibi
842 2603 1021 2665 ¹eubtiliter?
1058 2604 1134 2665 Tota
1146 2607 1241 2683 periit,

253 2714 342 2781 utque
359 2706 413 2764 boe
432 2714 475 2763 est
495 2704 635 2782 miserior,
648 2721 735 2779 quam
755 2702 905 2777 reliquisti,
918 2700 994 2777 quod
1014 2710 1077 2759 tum
1089 2702 1240 2761 videbatur

253 2800 395 2877 ejusmodi
412 2802 566 2861 dominatio
579 2800 724 2859 civitatem
736 2800 921 2877 oppressisse,
932 2816 1006 2873 quse
1021 2796 1152 2873 jusunda
1164 2806 1240 2857 esset

253 2898 437 2969 multitudini,
447 2894 539 2957 'bonis
553 2905 650 2955 autem
663 2896 704 2954 its
716 2896 843 2967 molesta,
853 2903 885 2953 ut
894 2902 991 2953 temen
1001 2888 1240 2971 sinefpernicie⁸3

253 3014 331 3055 nune
351 3004 469 3071 repente
483 3002 562 3051 tento
576 2992 606 3049 in
619 2993 684 3051 odio
697 3002 741 3050 est
753 2990 893 3062 omnibus,
905 2998 946 3061 nt,
958 2987 1089 3065 ‘quorem
1102 2999 1240 3067 eruptura
1263 3004 1280 3051 ιι

254 3092 301 3163 sit,
314 3091 489 3149 horreamus.
531 3088 608 3147 Nam
623 3088 799 3146 iracundiam
813 3095 901 3163 atque
915 3087 1164 3163 intemperantiam
1178 3086 1240 3144 illo-
1351 3110 1356 3120 ·

253 3206 320 3245 rum
333 3205 432 3245 sumus
446 3185 567 3263 experti,
577 3184 627 3261 qui
637 3180 752 3243 ⁵Catoni
765 3184 830 3241 irati
841 3183 938 3241 omnis
947 3184 1139 3260 perdiderunt
1180 3182 1240 3244 Sed

253 3284 296 3343 ita
316 3284 429 3343 lenibus
453 3282 495 3341 ati
516 3282 689 3340 videbantur
711 3280 839 3351 venenis,
852 3288 884 3346 ut
903 3298 985 3357 posse
1000 3279 1165 3338 videremur
1178 3281 1240 3339 sins

254 3380 352 3438 dolore
366 3378 491 3437 interire.
532 3377 620 3435 Nune
632 3396 703 3435 vero
716 3377 805 3435 sibilis
819 3377 909 3453 vulgi,
921 3377 1097 3436 sermonibus
1110 3378 1241 3437 bonesto-

253 3495 329 3547 rum,
340 3474 457 3533 fremitu
472 3473 574 3533 Italiae
587 3492 690 3533 vereor
707 3492 745 3533 ne
759 3475 936 3555 exarserint„
968 3475 996 3533 2.
1018 3474 1163 3551 Equidem
1176 3494 1239 3553 spe·
1248 3486 1279 3535 tt

253 3572 363 3643 rabam,
383 3579 416 3628 ut
434 3588 521 3647 saepe
542 3570 629 3629 etiam
648 3570 727 3645 loqui
747 3582 843 3629 teeum
862 3572 997 3643 solebam,
1009 3572 1051 3630 sie
1069 3567 1179 3631 ‘orbem
1197 3572 1240 3630 rei

253 3666 388 3745 publicae
397 3684 459 3725 esse
470 3666 1061 3741 conversum,utvixsenitumaudire‚vix
1072 3668 1240 3746 impressam

253 3763 376 3821 orbitarn
390 3764 490 3823 videre
504 3782 651 3841 possemus
662 3786 670 3833 ς
691 3773 721 3823 et
733 3762 834 3823 fuisset
846 3766 896 3837 its,
909 3766 935 3824 si
947 3766 1076 3825 homines
1089 3768 1240 3825 transitum

253 3853 455 3935 'lempeststisl’
475 3874 644 3936 exspectare
664 3860 840 3937 potuissent:
875 3860 926 3919 sed
945 3881 1034 3938 quum
1054 3862 1103 3920 diu
1130 3862 1240 3923 oeeulte
1272 3907 1277 3916 .

284 4031 303 4069 θ
322 4030 474 4081 Amnes.

284 4112 380 4162 Emer.
395 4110 430 4160 V.
463 4109 1277 4179 *Distbet.lues,sordapism‚patilnt'apoetit,esitisn,mieiq

254 4194 364 4256 Medus,
377 4192 517 4245 antistites.
551 4190 653 4241 Vnt.
