3317 4984
408 531 469 607 824
857 544 978 590 onemo

448 715 642 783 quaereretur.
682 706 730 765 Its
748 715 779 765 et
798 714 913 765 seusun
933 722 1002 777 rem,
1015 723 1072 765 nou
1092 705 1244 779 hominem,
1256 702 1388 778 'umeris
1400 716 1429 766 et

449 805 604 881 Pompeius
616 802 664 863 ⁴de
672 803 748 879 jure,
759 822 817 862 uon
830 804 867 861 de
879 802 964 875 hoto,
975 792 1170 880 quaestionem
1183 804 1259 861 tulit.

488 900 563 961 ΧΠ.
602 900 754 976 Numquid
773 900 861 977 igitur
879 899 959 957 uliud
978 900 1008 957 in
1024 898 1163 975 judicium
1184 901 1272 971 venit,
1285 900 1351 971 uisi,
1365 909 1429 959 uter

448 997 634 1057 utriiusidius
647 993 769 1055 feeerit?
809 995 1048 1054 Profeetunihil:
1067 996 1428 1067 sihioilli,utnesitim·

426 1106 544 1170 epuuer
561 1091 1134 1162 siillehuio,ntnossoeleresolvsmur.

486 1188 536 1248 32
567 1187 701 1263 Quonam
720 1188 808 1265 igitur
827 1198 911 1263 puoto
931 1186 1045 1265 pruhnri
1065 1196 1166 1265 potest,
1184 1188 1303 1247 insidias
1324 1188 1428 1247 Miloni

447 1284 548 1345 secuse
570 1282 724 1343 Clodium?
765 1282 842 1344 Setis
862 1292 906 1343 est
924 1284 956 1341 in
975 1283 1428 1361 illequidemtemsudsnitsm

446 1380 558 1439 nefarie
576 1380 673 1439 bellua
693 1380 804 1451 dooere,
817 1396 952 1457 magnum
972 1380 1000 1438 ei
1020 1398 1144 1452 oerrsem,
1156 1398 1287 1456 muguum
1302 1398 1386 1457 spem
1400 1382 1428 1439 iu

447 1476 566 1537 Milonis
585 1486 677 1536 morte
696 1477 879 1554 propositam,
892 1495 1009 1557 mngurus
1029 1476 1166 1535 utilitates
1186 1475 1281 1535 fuisse.
1326 1475 1428 1552 Itaque

408 1573 520 1635 toillnd
533 1570 721 1643 ¹Cessiuuum,
733 1571 802 1633 ²cur
819 1588 910 1633 nono
930 1588 1058 1640 uunnrr,
1077 1572 1107 1631 iu
1121 1571 1165 1629 his
1179 1572 1308 1649 personis
1321 1574 1428 1643 vulest,

447 1671 502 1731 etei
515 1669 583 1731 bmi
594 1669 675 1729 nullo
688 1671 880 1729 emolumento
899 1670 1085 1747 impelluntur
1104 1670 1135 1727 iu
1154 1667 1292 1739 fraudem,
1306 1669 1426 1745 improbi

444 1785 533 1842 saepe
551 1785 651 1843 perro.
696 1767 797 1842 Atqui,
817 1766 927 1825 Milone
946 1765 1103 1837 imerfeoto,
1124 1764 1240 1823 Clodius
1260 1765 1334 1823 haee
1353 1780 1427 1823 usse·

447 1862 595 1938 quebstur‚
615 1881 673 1921 unu
692 1864 776 1921 modo
795 1872 828 1921 ut
839 1871 966 1939 praetor
989 1871 1063 1923 esset
1081 1880 1138 1919 uon
1158 1856 1205 1919 ⁸eo
1224 1860 1352 1931 somme,
1371 1876 1426 1936 qno

447 1957 561 2017 sceleris
581 1957 676 2017 funere
694 1958 765 2016 nihil
785 1966 888 2034 posset,
902 1958 953 2017 sed
967 1958 1063 2027 ehem,
1076 1956 1155 2015 utils
1168 1956 1333 2015 oonsulibus
1346 1970 1426 2033 prse-

409 2061 494 2116 teter
505 2062 590 2125 esset,
602 2054 705 2129 quibus
725 2055 750 2112 ui
768 2073 826 2115 unu
844 2053 1055 2131 adjuvantibus,
1066 2062 1099 2113 st
1111 2053 1329 2113 conniventibus
1340 2062 1426 2123 eerts,

447 2159 575 2226 speraret
594 2168 625 2207 se
644 2168 728 2226 posse
747 2148 874 2209 ⁴eludere
898 2151 928 2207 in
952 2150 1010 2209 illis
1030 2152 1089 2209 suis
1113 2150 1243 2229 eogitetis
1266 2150 1425 2217 lumbum

446 2243 540 2321 'eujus
551 2242 605 2305 tili
618 2256 744 2318 uomere,
756 2247 865 2323 etipse
878 2248 1107 2318 nominabatur,
1120 2264 1174 2307 nee
1186 2256 1328 2323 superent
1338 2246 1426 2323 repri-

442 2342 573 2413 meresi
592 2351 716 2417 possent,
729 2360 818 2418 quum
839 2350 949 2401 tentum
969 2343 1136 2401 beneficium
1150 2343 1177 2401 ei
1190 2361 1222 2401 se
1235 2343 1343 2403 debere
1356 2341 1426 2399 urbi·

447 2445 599 2509 tenuentur,
611 2446 649 2509 et,
662 2438 686 2496 si
698 2439 815 2509 uellent,
826 2436 948 2497 fotuns
960 2439 1012 2495 vix
1026 2448 1141 2515 possent
1154 2438 1289 2517 frangere
1304 2438 1426 2496 hominis

406 2532 656 2595 msoetoanssimi
669 2534 879 2593 onrrobomtum
888 2532 953 2609 jsm
966 2540 1107 2593 vetustate
1119 2534 1278 2592 sudarium.
1313 2532 1365 2591 38.
1379 2532 1426 2591 Au

447 2646 524 2701 uero,
533 2627 654 2704 judiees,
668 2648 718 2687 vos
731 2629 784 2687 soli
797 2630 944 2705 ignoratis,
955 2647 1008 2687 vos
1025 2629 1149 2706 hospites
1167 2630 1197 2687 in
1211 2629 1265 2687 huo
1277 2630 1353 2687 urbe
1366 2646 1427 2685 ver·

446 2725 558 2795 nmini,
570 2736 683 2784 vestrae
703 2726 920 2801 peregrimum
938 2744 1024 2785 sures
1043 2744 1136 2801 neque
1155 2726 1187 2783 in
1204 2726 1258 2783 hoe
1269 2734 1427 2803 perrupto

447 2821 570 2881 ovinus
582 2817 724 2881 'sermone
737 2830 896 2894 versemur,
907 2840 978 2897 quus
991 2822 1039 2881 ille
1053 2823 1174 2899 egessi
1188 2823 1266 2899 leges
1280 2822 1427 2881 neminen

446 2917 503 2978 dee
515 2926 590 2988 suut,
602 2936 638 2975 no
648 2936 707 2977 uon
720 2916 797 2977 isoes
810 2919 897 2989 urbis
911 2928 1005 2995 pestes
1024 2919 1066 2976 rei
1079 2919 1219 2995 publices,
1236 2918 1326 2977 fuerit
1339 2918 1427 2995 impe

406 3014 554 3075 usurus
576 3013 658 3071 uobis
679 3014 809 3071 omnibus
830 3020 918 3089 etque
941 3012 1111 3071 inustuum?
1161 3014 1289 3083 Exhibe,
1314 3030 1427 3090 qusesn,

447 3106 541 3169 Sexte
555 3106 646 3179 Clodi,
659 3109 765 3167 exhibe
783 3105 942 3169 'librarium
960 3109 1033 3169 illud
1052 3110 1148 3187 legum
1167 3122 1340 3183 mmm,
1354 3110 1427 3187 quot

447 3215 477 3265 te
496 3206 579 3263 siunt
597 3205 736 3281 eripuisse
756 3222 774 3263 e
792 3205 876 3263 domo
889 3214 970 3264 etex
983 3206 1083 3265 mediis
1095 3207 1184 3267 umis
1203 3208 1349 3285 turboque
1363 3224 1425 3265 noo·

447 3309 533 3359 teme
550 3308 698 3375 temqusm
712 3299 875 3358 Palladium
895 3302 1040 3373 extulisse,
1052 3310 1085 3360 ut
1097 3303 1279 3379 praeclusum
1294 3302 1427 3361 videlieet
1533 3302 1534 3371 ζ

444 3412 552 3453 munus
563 3404 653 3470 utque
670 3392 901 3454 ”instrumentum
917 3398 1078 3457 tribunatus
1090 3398 1128 3457 sd
1141 3399 1276 3475 aliquem,
1289 3400 1314 3457 si
1327 3406 1426 3456 meurs

406 3501 534 3559 memes
553 3490 604 3564 qui
624 3499 674 3549 tuo
695 3491 813 3549 urbitrio
838 3492 1014 3551 tribunatum
1039 3504 1160 3571 gereret,
1182 3493 1296 3553 defens
1321 3512 1425 3569 meses

346 3574 349 3581 ¹
446 3582 566 3659 1¹'Atque
580 3604 632 3661 per
646 3588 664 3623 ⁵
679 3588 697 3623 ⁵
711 3588 739 3644 ³.
778 3588 830 3646 Au
843 3588 928 3665 buu'us
947 3589 996 3647 ille
1009 3590 1088 3667 legis,
1101 3608 1188 3667 quem
1201 3587 1294 3649 ”Sem
1310 3588 1426 3649 Clodius

444 3701 467 3744 n
478 3701 510 3740 se
523 3683 670 3741 inventum
689 3684 835 3759 gloriatur,
848 3686 1021 3745 mentionem
1040 3685 1136 3745 funere
1155 3702 1241 3745 susus
1260 3694 1348 3757 esset,
1361 3686 1425 3745 vive

445 3777 567 3850 Milone,
585 3798 623 3838 ue
642 3780 736 3839 diuum
761 3780 899 3845 oousnle?
947 3780 1018 3843 ¹²De
1040 3792 1167 3841 nostrum
1193 3784 1424 3843 omnium-neu

446 3876 540 3935 audeo
553 3885 643 3935 totum
656 3879 761 3939 dicere.
794 3879 911 3953 stbe,
924 3880 994 3957 quid
1006 3896 1043 3939 es
1054 3878 1117 3937 vitii
1130 3878 1179 3938 lex
1189 3880 1324 3937 habiture
1332 3878 1424 3949 fuerit,

406 3972 531 4049 “eujus
545 3975 703 4049 periculose
715 3978 804 4035 etiem
816 3978 1001 4055 reprehensio
1014 3986 1066 4037 est
1107 3974 1148 4035 Et
1164 3976 1299 4053 adspexit
1312 3994 1359 4034 rue
1372 3974 1424 4033 illis

338 4143 345 4155 *
446 4070 565 4145 quidem
577 4071 675 4143 oeulis,
687 4074 792 4148 quihus
810 4083 871 4133 tum
891 4074 1008 4145 solebat,
1021 4090 1110 4150 quum
1119 4072 1252 4133 omnihus
1264 4070 1364 4132 omnis
1375 4072 1423 4130 mi·

444 4166 580 4225 mbstur.
618 4166 901 4247 Movetmeqnippe
913 4166 1032 4229 1'lumen
1043 4169 1148 4231 suune-
1296 4192 1300 4203 ’
