<?xml version="1.0" encoding="UTF-8"?>
<!DOCTYPE html PUBLIC "-//W3C//DTD XHTML 1.0 Transitional//EN"
    "http://www.w3.org/TR/xhtml1/DTD/xhtml1-transitional.dtd">
<html xmlns="http://www.w3.org/1999/xhtml" xml:lang="en" lang="en">
 <head>
  <title>
</title>
<meta http-equiv="Content-Type" content="text/html;charset=utf-8" />
  <meta name='ocr-system' content='tesseract 3.04.00' />
  <meta name='ocr-capabilities' content='ocr_page ocr_carea ocr_par ocr_line ocrx_word'/>
</head>
<body>
  <div class='ocr_page' id='page_1' title='image "./preparatorylati00hansgoog_0858.png"; bbox 0 0 3317 4984; ppageno 0'>
   <div class='ocr_carea' id='block_1_1' title="bbox 510 553 1270 621">
    <p class='ocr_par' dir='ltr' id='par_1_1' title="bbox 510 553 1270 621">
     <span class='ocr_line' id='line_1_1' title="bbox 510 553 1270 621; baseline 0.013 -16"><span class='ocrx_word' id='word_1_1' title='bbox 510 559 574 605; x_wconf 83' lang='lat' dir='ltr'><strong>rso</strong></span> <span class='ocrx_word' id='word_1_2' title='bbox 594 561 681 605; x_wconf 80' lang='lat' dir='ltr'><strong>saun</strong></span> <span class='ocrx_word' id='word_1_3' title='bbox 700 561 876 621; x_wconf 73' lang='lat' dir='ltr'><strong>enorme,</strong></span> <span class='ocrx_word' id='word_1_4' title='bbox 897 563 967 608; x_wconf 75' lang='lat' dir='ltr'><strong>ose.</strong></span> <span class='ocrx_word' id='word_1_5' title='bbox 987 568 1010 608; x_wconf 83' lang='lat' dir='ltr'><strong>v</strong></span> <span class='ocrx_word' id='word_1_6' title='bbox 1209 553 1270 616; x_wconf 76' lang='grc'><strong>808</strong></span> 
     </span>
    </p>
   </div>
   <div class='ocr_carea' id='block_1_2' title="bbox 237 718 1269 4276">
    <p class='ocr_par' dir='ltr' id='par_1_2' title="bbox 237 718 1269 2906">
     <span class='ocr_line' id='line_1_2' title="bbox 239 718 1231 799; baseline 0.01 -21"><span class='ocrx_word' id='word_1_7' title='bbox 239 718 378 780; x_wconf 87' lang='lat' dir='ltr'><strong>Romani</strong></span> <span class='ocrx_word' id='word_1_8' title='bbox 391 722 601 794; x_wconf 83' lang='lat' dir='ltr'><strong>extimescebat,</strong></span> <span class='ocrx_word' id='word_1_9' title='bbox 613 723 645 781; x_wconf 92' lang='lat' dir='ltr'><strong>in</strong></span> <span class='ocrx_word' id='word_1_10' title='bbox 657 743 716 799; x_wconf 90' lang='lat' dir='ltr'><strong>qna</strong></span> <span class='ocrx_word' id='word_1_11' title='bbox 728 725 814 784; x_wconf 82' lang='lat' dir='ltr'><strong>etiem</strong></span> <span class='ocrx_word' id='word_1_12' title='bbox 828 743 911 784; x_wconf 88' lang='lat' dir='ltr'><strong>suam</strong></span> <span class='ocrx_word' id='word_1_13' title='bbox 923 745 986 786; x_wconf 92' lang='lat' dir='ltr'><strong>esse</strong></span> <span class='ocrx_word' id='word_1_14' title='bbox 999 727 1138 788; x_wconf 79' lang='lat' dir='ltr'><strong>inelruam</strong></span> <span class='ocrx_word' id='word_1_15' title='bbox 1152 730 1231 788; x_wconf 84' lang='lat' dir='ltr'><strong>vide·</strong></span> 
     </span>
     <span class='ocr_line' id='line_1_3' title="bbox 237 811 1231 896; baseline 0.009 -19"><span class='ocrx_word' id='word_1_16' title='bbox 237 819 321 886; x_wconf 61' lang='grc' dir='ltr'><strong>δαῖς</strong></span> <span class='ocrx_word' id='word_1_17' title='bbox 340 818 371 875; x_wconf 90' lang='lat' dir='ltr'><strong>in</strong></span> <span class='ocrx_word' id='word_1_18' title='bbox 383 835 495 876; x_wconf 88' lang='lat' dir='ltr'><strong>summo</strong></span> <span class='ocrx_word' id='word_1_19' title='bbox 514 825 611 875; x_wconf 86' lang='lat' dir='ltr'><strong>tamen</strong></span> <span class='ocrx_word' id='word_1_20' title='bbox 629 819 732 878; x_wconf 75' lang='lat' dir='ltr'><strong>fimore</strong></span> <span class='ocrx_word' id='word_1_21' title='bbox 750 821 954 896; x_wconf 81' lang='lat' dir='ltr'><strong>quieseeudum</strong></span> <span class='ocrx_word' id='word_1_22' title='bbox 965 823 1021 881; x_wconf 89' lang='lat' dir='ltr'><strong>sibi</strong></span> <span class='ocrx_word' id='word_1_23' title='bbox 1034 841 1098 882; x_wconf 89' lang='lat' dir='ltr'><strong>esse</strong></span> <span class='ocrx_word' id='word_1_24' title='bbox 1110 811 1231 886; x_wconf 75' lang='lat' dir='ltr'><strong>urbitio·</strong></span> 
     </span>
     <span class='ocr_line' id='line_1_4' title="bbox 240 914 1231 992; baseline 0.005 -16"><span class='ocrx_word' id='word_1_25' title='bbox 240 917 345 976; x_wconf 84' lang='lat' dir='ltr'><strong>hatur.</strong></span> <span class='ocrx_word' id='word_1_26' title='bbox 384 914 516 973; x_wconf 69' lang='lat' dir='ltr'><strong>flamme</strong></span> <span class='ocrx_word' id='word_1_27' title='bbox 528 931 600 972; x_wconf 81' lang='lat' dir='ltr'><strong>vero</strong></span> <span class='ocrx_word' id='word_1_28' title='bbox 611 917 792 992; x_wconf 73' lang='lat' dir='ltr'><strong>perturbatus</strong></span> <span class='ocrx_word' id='word_1_29' title='bbox 804 927 858 988; x_wconf 87' lang='lat' dir='ltr'><strong>est,</strong></span> <span class='ocrx_word' id='word_1_30' title='bbox 871 927 903 976; x_wconf 91' lang='lat' dir='ltr'><strong>ut</strong></span> <span class='ocrx_word' id='word_1_31' title='bbox 915 919 1035 991; x_wconf 83' lang='lat' dir='ltr'><strong>audivit,</strong></span> <span class='ocrx_word' id='word_1_32' title='bbox 1048 921 1179 980; x_wconf 89' lang='lat' dir='ltr'><strong>eonsules</strong></span> <span class='ocrx_word' id='word_1_33' title='bbox 1192 941 1231 980; x_wconf 87' lang='lat' dir='ltr'><strong>ex</strong></span> 
     </span>
     <span class='ocr_line' id='line_1_5' title="bbox 240 1011 1230 1092; baseline 0.007 -22"><span class='ocrx_word' id='word_1_34' title='bbox 240 1011 340 1072; x_wconf 81' lang='lat' dir='ltr'><strong>Italia</strong></span> <span class='ocrx_word' id='word_1_35' title='bbox 357 1011 525 1090; x_wconf 71' lang='lat' dir='ltr'><strong>profugisse,</strong></span> <span class='ocrx_word' id='word_1_36' title='bbox 537 1027 692 1086; x_wconf 87' lang='lat' dir='ltr'><strong>omnesque</strong></span> <span class='ocrx_word' id='word_1_37' title='bbox 710 1013 873 1072; x_wconf 75' lang='lat' dir='ltr'><strong>consulares</strong></span> <span class='ocrx_word' id='word_1_38' title='bbox 895 1013 950 1092; x_wconf 90' lang='lat' dir='ltr'><strong>(sie</strong></span> <span class='ocrx_word' id='word_1_39' title='bbox 969 1016 1046 1074; x_wconf 85' lang='lat' dir='ltr'><strong>enim</strong></span> <span class='ocrx_word' id='word_1_40' title='bbox 1066 1019 1093 1076; x_wconf 91' lang='lat' dir='ltr'><strong>ei</strong></span> <span class='ocrx_word' id='word_1_41' title='bbox 1112 1019 1230 1078; x_wconf 66' lang='lat' dir='ltr'><strong>nuntia</strong></span> 
     </span>
     <span class='ocr_line' id='line_1_6' title="bbox 243 1107 1269 1188; baseline 0.006 -20"><span class='ocrx_word' id='word_1_42' title='bbox 243 1107 1114 1188; x_wconf 76' lang='lat' dir='ltr'><strong>betur),cunctumsenatum‚totam1taliam¹esseeffusam‚</strong></span> <span class='ocrx_word' id='word_1_43' title='bbox 1153 1113 1269 1176; x_wconf 81' lang='lat' dir='ltr'><strong>Tali-s</strong></span> 
     </span>
     <span class='ocr_line' id='line_1_7' title="bbox 243 1203 1230 1282; baseline 0.007 -18"><span class='ocrx_word' id='word_1_44' title='bbox 243 1207 306 1265; x_wconf 91' lang='lat' dir='ltr'><strong>bus</strong></span> <span class='ocrx_word' id='word_1_45' title='bbox 318 1209 395 1266; x_wconf 87' lang='lat' dir='ltr'><strong>enim</strong></span> <span class='ocrx_word' id='word_1_46' title='bbox 407 1209 514 1267; x_wconf 70' lang='lat' dir='ltr'><strong>nuntie</strong></span> <span class='ocrx_word' id='word_1_47' title='bbox 533 1215 565 1264; x_wconf 89' lang='lat' dir='ltr'><strong>et</strong></span> <span class='ocrx_word' id='word_1_48' title='bbox 583 1205 744 1264; x_wconf 81' lang='lat' dir='ltr'><strong>munoribus</strong></span> <span class='ocrx_word' id='word_1_49' title='bbox 756 1207 873 1282; x_wconf 85' lang='lat' dir='ltr'><strong>petebat</strong></span> <span class='ocrx_word' id='word_1_50' title='bbox 884 1203 933 1266; x_wconf 75' lang='lat' dir='ltr'><strong>&#39;ad</strong></span> <span class='ocrx_word' id='word_1_51' title='bbox 946 1206 1095 1267; x_wconf 77' lang='lat' dir='ltr'>Orientem</span> <span class='ocrx_word' id='word_1_52' title='bbox 1108 1210 1165 1281; x_wconf 84' lang='lat' dir='ltr'><strong>via,</strong></span> <span class='ocrx_word' id='word_1_53' title='bbox 1177 1229 1230 1271; x_wconf 89' lang='lat' dir='ltr'><strong>nee</strong></span> 
     </span>
     <span class='ocr_line' id='line_1_8' title="bbox 243 1301 1230 1382; baseline 0.002 -20"><span class='ocrx_word' id='word_1_54' title='bbox 243 1301 313 1362; x_wconf 71' lang='lat' dir='ltr'><strong>‘ulli</strong></span> <span class='ocrx_word' id='word_1_55' title='bbox 333 1306 394 1364; x_wconf 86' lang='lat' dir='ltr'><strong>reri</strong></span> <span class='ocrx_word' id='word_1_56' title='bbox 407 1307 661 1382; x_wconf 70' lang='lat' dir='ltr'><strong>subsequebantur.</strong></span> <span class='ocrx_word' id='word_1_57' title='bbox 700 1301 784 1360; x_wconf 84' lang='lat' dir='ltr'><strong>Nihil</strong></span> <span class='ocrx_word' id='word_1_58' title='bbox 801 1302 852 1361; x_wconf 91' lang='lat' dir='ltr'><strong>ille</strong></span> <span class='ocrx_word' id='word_1_59' title='bbox 871 1304 908 1362; x_wconf 87' lang='lat' dir='ltr'><strong>de</strong></span> <span class='ocrx_word' id='word_1_60' title='bbox 926 1301 1144 1364; x_wconf 73' lang='lat' dir='ltr'><strong>‘conditionibus</strong></span> <span class='ocrx_word' id='word_1_61' title='bbox 1164 1308 1230 1379; x_wconf 86' lang='lat' dir='ltr'><strong>tois,</strong></span> 
     </span>
     <span class='ocr_line' id='line_1_9' title="bbox 245 1397 1230 1476; baseline 0.002 -18"><span class='ocrx_word' id='word_1_62' title='bbox 245 1401 323 1459; x_wconf 83' lang='lat' dir='ltr'>nihil</span> <span class='ocrx_word' id='word_1_63' title='bbox 335 1402 372 1461; x_wconf 79' lang='lat' dir='ltr'><strong>(le</strong></span> <span class='ocrx_word' id='word_1_64' title='bbox 385 1403 479 1460; x_wconf 85' lang='lat' dir='ltr'><strong>studio</strong></span> <span class='ocrx_word' id='word_1_65' title='bbox 490 1401 656 1461; x_wconf 68' lang='lat' dir='ltr'><strong>eoneoffloe</strong></span> <span class='ocrx_word' id='word_1_66' title='bbox 669 1406 699 1458; x_wconf 88' lang='lat' dir='ltr'><strong>et</strong></span> <span class='ocrx_word' id='word_1_67' title='bbox 711 1397 797 1474; x_wconf 84' lang='lat' dir='ltr'><strong>pacis,</strong></span> <span class='ocrx_word' id='word_1_68' title='bbox 810 1398 882 1456; x_wconf 84' lang='lat' dir='ltr'><strong>nihil</strong></span> <span class='ocrx_word' id='word_1_69' title='bbox 895 1399 932 1457; x_wconf 84' lang='lat' dir='ltr'><strong>de</strong></span> <span class='ocrx_word' id='word_1_70' title='bbox 951 1401 1160 1476; x_wconf 75' lang='lat' dir='ltr'><strong>conspiratione</strong></span> <span class='ocrx_word' id='word_1_71' title='bbox 1179 1419 1230 1460; x_wconf 90' lang='lat' dir='ltr'><strong>au·</strong></span> 
     </span>
     <span class='ocr_line' id='line_1_10' title="bbox 245 1496 1229 1572; baseline -0.001 -14"><span class='ocrx_word' id='word_1_72' title='bbox 245 1499 348 1558; x_wconf 86' lang='lat' dir='ltr'><strong>(liehat</strong></span> <span class='ocrx_word' id='word_1_73' title='bbox 366 1510 508 1558; x_wconf 84' lang='lat' dir='ltr'><strong>sertorum</strong></span> <span class='ocrx_word' id='word_1_74' title='bbox 529 1496 687 1559; x_wconf 78' lang='lat' dir='ltr'><strong>‘hominum</strong></span> <span class='ocrx_word' id='word_1_75' title='bbox 706 1511 805 1556; x_wconf 80' lang='lat' dir='ltr'><strong>eontra</strong></span> <span class='ocrx_word' id='word_1_76' title='bbox 821 1497 988 1572; x_wconf 54' lang='lat' dir='ltr'><strong>mutem</strong></span> <span class='ocrx_word' id='word_1_77' title='bbox 1010 1508 1096 1555; x_wconf 88' lang='lat' dir='ltr'><strong>tuam.</strong></span> <span class='ocrx_word' id='word_1_78' title='bbox 1145 1497 1229 1572; x_wconf 78' lang='lat' dir='ltr'><strong>Quae</strong></span> 
     </span>
     <span class='ocr_line' id='line_1_11' title="bbox 246 1591 1269 1672; baseline 0.002 -19"><span class='ocrx_word' id='word_1_79' title='bbox 246 1613 339 1670; x_wconf 89' lang='lat' dir='ltr'><strong>quum</strong></span> <span class='ocrx_word' id='word_1_80' title='bbox 353 1596 393 1655; x_wconf 84' lang='lat' dir='ltr'><strong>ita</strong></span> <span class='ocrx_word' id='word_1_81' title='bbox 405 1606 508 1668; x_wconf 77' lang='lat' dir='ltr'><strong>essent,</strong></span> <span class='ocrx_word' id='word_1_82' title='bbox 519 1607 615 1656; x_wconf 82' lang='lat' dir='ltr'><strong>tamen</strong></span> <span class='ocrx_word' id='word_1_83' title='bbox 628 1613 719 1672; x_wconf 90' lang='lat' dir='ltr'><strong>usque</strong></span> <span class='ocrx_word' id='word_1_84' title='bbox 732 1611 768 1652; x_wconf 93' lang='lat' dir='ltr'><strong>eo</strong></span> <span class='ocrx_word' id='word_1_85' title='bbox 777 1609 810 1650; x_wconf 91' lang='lat' dir='ltr'><strong>se</strong></span> <span class='ocrx_word' id='word_1_86' title='bbox 822 1593 923 1664; x_wconf 81' lang='lat' dir='ltr'><strong>tenuit,</strong></span> <span class='ocrx_word' id='word_1_87' title='bbox 936 1593 1030 1669; x_wconf 86' lang='lat' dir='ltr'><strong>quoad</strong></span> <span class='ocrx_word' id='word_1_88' title='bbox 1042 1611 1061 1652; x_wconf 91' lang='lat' dir='ltr'><strong>a</strong></span> <span class='ocrx_word' id='word_1_89' title='bbox 1075 1591 1128 1652; x_wconf 85' lang='lat' dir='ltr'><strong>On.</strong></span> <span class='ocrx_word' id='word_1_90' title='bbox 1143 1593 1269 1656; x_wconf 83' lang='lat' dir='ltr'><strong>Pom-10</strong></span> 
     </span>
     <span class='ocr_line' id='line_1_12' title="bbox 247 1689 1229 1770; baseline -0.002 -20"><span class='ocrx_word' id='word_1_91' title='bbox 247 1693 316 1768; x_wconf 86' lang='lat' dir='ltr'><strong>peio</strong></span> <span class='ocrx_word' id='word_1_92' title='bbox 328 1693 415 1770; x_wconf 81' lang='lat' dir='ltr'><strong>legati</strong></span> <span class='ocrx_word' id='word_1_93' title='bbox 434 1695 471 1751; x_wconf 83' lang='lat' dir='ltr'><strong>ad</strong></span> <span class='ocrx_word' id='word_1_94' title='bbox 490 1712 556 1751; x_wconf 92' lang='lat' dir='ltr'><strong>eum</strong></span> <span class='ocrx_word' id='word_1_95' title='bbox 574 1694 731 1768; x_wconf 75' lang='lat' dir='ltr'><strong>literaeque</strong></span> <span class='ocrx_word' id='word_1_96' title='bbox 749 1697 899 1749; x_wconf 81' lang='lat' dir='ltr'><strong>venerunt</strong></span> <span class='ocrx_word' id='word_1_97' title='bbox 942 1689 987 1746; x_wconf 76' lang='lat'><strong>12.</strong></span> <span class='ocrx_word' id='word_1_98' title='bbox 1008 1689 1136 1766; x_wconf 78' lang='lat' dir='ltr'><strong>Ignosce,</strong></span> <span class='ocrx_word' id='word_1_99' title='bbox 1149 1689 1229 1767; x_wconf 79' lang='lat' dir='ltr'><strong>igno·</strong></span> 
     </span>
     <span class='ocr_line' id='line_1_13' title="bbox 247 1784 1229 1866; baseline -0.004 -17"><span class='ocrx_word' id='word_1_100' title='bbox 247 1806 307 1861; x_wconf 81' lang='lat' dir='ltr'><strong>see,</strong></span> <span class='ocrx_word' id='word_1_101' title='bbox 319 1787 433 1861; x_wconf 81' lang='lat' dir='ltr'><strong>Caesen,</strong></span> <span class='ocrx_word' id='word_1_102' title='bbox 443 1790 468 1848; x_wconf 90' lang='lat' dir='ltr'><strong>si</strong></span> <span class='ocrx_word' id='word_1_103' title='bbox 480 1789 544 1866; x_wconf 88' lang='lat' dir='ltr'><strong>ejus</strong></span> <span class='ocrx_word' id='word_1_104' title='bbox 556 1791 612 1848; x_wconf 82' lang='lat' dir='ltr'><strong>viri</strong></span> <span class='ocrx_word' id='word_1_105' title='bbox 624 1788 786 1848; x_wconf 83' lang='lat' dir='ltr'><strong>auctoritati</strong></span> <span class='ocrx_word' id='word_1_106' title='bbox 799 1803 854 1844; x_wconf 85' lang='lat' dir='ltr'><strong>rex</strong></span> <span class='ocrx_word' id='word_1_107' title='bbox 869 1784 1022 1844; x_wconf 72' lang='lat' dir='ltr'><strong>Deiotarus</strong></span> <span class='ocrx_word' id='word_1_108' title='bbox 1035 1786 1127 1856; x_wconf 82' lang='lat' dir='ltr'><strong>eessit,</strong></span> <span class='ocrx_word' id='word_1_109' title='bbox 1140 1805 1229 1862; x_wconf 91' lang='lat' dir='ltr'><strong>quem</strong></span> 
     </span>
     <span class='ocr_line' id='line_1_14' title="bbox 248 1881 1228 1962; baseline 0 -20"><span class='ocrx_word' id='word_1_110' title='bbox 248 1903 303 1943; x_wconf 91' lang='lat' dir='ltr'><strong>nos</strong></span> <span class='ocrx_word' id='word_1_111' title='bbox 315 1903 414 1944; x_wconf 90' lang='lat' dir='ltr'><strong>omnes</strong></span> <span class='ocrx_word' id='word_1_112' title='bbox 426 1887 515 1946; x_wconf 84' lang='lat' dir='ltr'><strong>secuti</strong></span> <span class='ocrx_word' id='word_1_113' title='bbox 528 1903 642 1954; x_wconf 89' lang='lat' dir='ltr'><strong>sumus;</strong></span> <span class='ocrx_word' id='word_1_114' title='bbox 660 1885 698 1944; x_wconf 83' lang='lat' dir='ltr'><strong>ad</strong></span> <span class='ocrx_word' id='word_1_115' title='bbox 717 1903 804 1962; x_wconf 87' lang='lat' dir='ltr'><strong>quem</strong></span> <span class='ocrx_word' id='word_1_116' title='bbox 823 1899 913 1959; x_wconf 90' lang='lat' dir='ltr'><strong>quum</strong></span> <span class='ocrx_word' id='word_1_117' title='bbox 932 1882 972 1940; x_wconf 88' lang='lat' dir='ltr'><strong>dii</strong></span> <span class='ocrx_word' id='word_1_118' title='bbox 992 1891 1078 1958; x_wconf 88' lang='lat' dir='ltr'><strong>atque</strong></span> <span class='ocrx_word' id='word_1_119' title='bbox 1098 1881 1228 1942; x_wconf 88' lang='lat' dir='ltr'><strong>homines</strong></span> 
     </span>
     <span class='ocr_line' id='line_1_15' title="bbox 248 1977 1228 2061; baseline 0.001 -21"><span class='ocrx_word' id='word_1_120' title='bbox 248 1983 346 2041; x_wconf 89' lang='lat' dir='ltr'><strong>omnia</strong></span> <span class='ocrx_word' id='word_1_121' title='bbox 370 1992 538 2042; x_wconf 86' lang='lat' dir='ltr'><strong>ornamenta</strong></span> <span class='ocrx_word' id='word_1_122' title='bbox 563 1984 778 2061; x_wconf 82' lang='lat' dir='ltr'><strong>eongessissent,</strong></span> <span class='ocrx_word' id='word_1_123' title='bbox 802 1977 875 2040; x_wconf 70' lang='lat' dir='ltr'><strong>‘tum</strong></span> <span class='ocrx_word' id='word_1_124' title='bbox 898 1980 942 2038; x_wconf 89' lang='lat' dir='ltr'><strong>tui</strong></span> <span class='ocrx_word' id='word_1_125' title='bbox 968 1979 1029 2056; x_wconf 90' lang='lat' dir='ltr'><strong>ipse</strong></span> <span class='ocrx_word' id='word_1_126' title='bbox 1053 1981 1176 2056; x_wconf 86' lang='lat' dir='ltr'><strong>plurima</strong></span> <span class='ocrx_word' id='word_1_127' title='bbox 1198 1991 1228 2041; x_wconf 89' lang='lat' dir='ltr'><strong>et</strong></span> 
     </span>
     <span class='ocr_line' id='line_1_16' title="bbox 249 2077 1267 2156; baseline 0.004 -20"><span class='ocrx_word' id='word_1_128' title='bbox 249 2079 384 2138; x_wconf 81' lang='lat' dir='ltr'><strong>maxima</strong></span> <span class='ocrx_word' id='word_1_129' title='bbox 423 2079 528 2155; x_wconf 90' lang='lat' dir='ltr'><strong>Neque</strong></span> <span class='ocrx_word' id='word_1_130' title='bbox 547 2081 670 2152; x_wconf 67' lang='lat' dir='ltr'><strong>enimsi</strong></span> <span class='ocrx_word' id='word_1_131' title='bbox 688 2091 756 2138; x_wconf 85' lang='lat' dir='ltr'><strong>tuae</strong></span> <span class='ocrx_word' id='word_1_132' title='bbox 774 2097 822 2138; x_wconf 88' lang='lat' dir='ltr'><strong>res</strong></span> <span class='ocrx_word' id='word_1_133' title='bbox 841 2089 941 2156; x_wconf 79' lang='lat' dir='ltr'><strong>gestae</strong></span> <span class='ocrx_word' id='word_1_134' title='bbox 960 2087 1118 2137; x_wconf 81' lang='lat' dir='ltr'><strong>eetemmm</strong></span> <span class='ocrx_word' id='word_1_135' title='bbox 1138 2077 1267 2140; x_wconf 75' lang='lat' dir='ltr'><strong>laudi-1⁵</strong></span> 
     </span>
     <span class='ocr_line' id='line_1_17' title="bbox 249 2173 1227 2252; baseline 0.002 -20"><span class='ocrx_word' id='word_1_136' title='bbox 249 2176 303 2246; x_wconf 78' lang='lat' dir='ltr'><strong>bns</strong></span> <span class='ocrx_word' id='word_1_137' title='bbox 321 2175 522 2233; x_wconf 72' lang='lat' dir='ltr'><strong>obscuritatem</strong></span> <span class='ocrx_word' id='word_1_138' title='bbox 541 2177 706 2248; x_wconf 79' lang='lat' dir='ltr'><strong>attulerunt,</strong></span> <span class='ocrx_word' id='word_1_139' title='bbox 718 2175 824 2244; x_wconf 79' lang='lat' dir='ltr'><strong>idcireo</strong></span> <span class='ocrx_word' id='word_1_140' title='bbox 845 2173 899 2234; x_wconf 81' lang='lat' dir='ltr'><strong>(in.</strong></span> <span class='ocrx_word' id='word_1_141' title='bbox 913 2173 1046 2252; x_wconf 87' lang='lat' dir='ltr'><strong>Pompeii</strong></span> <span class='ocrx_word' id='word_1_142' title='bbox 1060 2175 1227 2234; x_wconf 87' lang='lat' dir='ltr'><strong>memoriam</strong></span> 
     </span>
     <span class='ocr_line' id='line_1_18' title="bbox 249 2271 1227 2349; baseline 0.001 -20"><span class='ocrx_word' id='word_1_143' title='bbox 249 2272 402 2330; x_wconf 71' lang='lat' dir='ltr'><strong>amisimm</strong></span> <span class='ocrx_word' id='word_1_144' title='bbox 444 2271 590 2347; x_wconf 84' lang='lat' dir='ltr'><strong>Quantum</strong></span> <span class='ocrx_word' id='word_1_145' title='bbox 602 2291 707 2332; x_wconf 89' lang='lat' dir='ltr'><strong>nomen</strong></span> <span class='ocrx_word' id='word_1_146' title='bbox 719 2272 783 2349; x_wconf 89' lang='lat' dir='ltr'><strong>ejus</strong></span> <span class='ocrx_word' id='word_1_147' title='bbox 798 2271 896 2344; x_wconf 81' lang='lat' dir='ltr'><strong>fuerit,</strong></span> <span class='ocrx_word' id='word_1_148' title='bbox 909 2280 1033 2348; x_wconf 76' lang='lat' dir='ltr'><strong>quantae</strong></span> <span class='ocrx_word' id='word_1_149' title='bbox 1046 2289 1124 2348; x_wconf 87' lang='lat' dir='ltr'><strong>opes,</strong></span> <span class='ocrx_word' id='word_1_150' title='bbox 1138 2289 1227 2348; x_wconf 89' lang='lat' dir='ltr'><strong>quan·</strong></span> 
     </span>
     <span class='ocr_line' id='line_1_19' title="bbox 249 2364 1227 2447; baseline 0.001 -22"><span class='ocrx_word' id='word_1_151' title='bbox 249 2376 280 2425; x_wconf 92' lang='lat' dir='ltr'><strong>ta</strong></span> <span class='ocrx_word' id='word_1_152' title='bbox 299 2369 330 2425; x_wconf 91' lang='lat' dir='ltr'><strong>in</strong></span> <span class='ocrx_word' id='word_1_153' title='bbox 350 2369 428 2426; x_wconf 90' lang='lat' dir='ltr'><strong>omni</strong></span> <span class='ocrx_word' id='word_1_154' title='bbox 448 2387 554 2446; x_wconf 81' lang='lat' dir='ltr'><strong>genere</strong></span> <span class='ocrx_word' id='word_1_155' title='bbox 575 2369 714 2428; x_wconf 77' lang='lat' dir='ltr'><strong>hellorm</strong></span> <span class='ocrx_word' id='word_1_156' title='bbox 735 2369 834 2447; x_wconf 81' lang='lat' dir='ltr'><strong>gloria,</strong></span> <span class='ocrx_word' id='word_1_157' title='bbox 854 2369 953 2445; x_wconf 80' lang='lat' dir='ltr'><strong>quanti</strong></span> <span class='ocrx_word' id='word_1_158' title='bbox 977 2368 1099 2427; x_wconf 89' lang='lat' dir='ltr'><strong>honores</strong></span> <span class='ocrx_word' id='word_1_159' title='bbox 1118 2364 1227 2445; x_wconf 65' lang='lat' dir='ltr'><strong>⁸populi</strong></span> 
     </span>
     <span class='ocr_line' id='line_1_20' title="bbox 250 2461 1227 2542; baseline 0.003 -21"><span class='ocrx_word' id='word_1_160' title='bbox 250 2461 381 2534; x_wconf 86' lang='lat' dir='ltr'><strong>Romani,</strong></span> <span class='ocrx_word' id='word_1_161' title='bbox 402 2465 502 2540; x_wconf 87' lang='lat' dir='ltr'><strong>quanti</strong></span> <span class='ocrx_word' id='word_1_162' title='bbox 522 2473 645 2537; x_wconf 83' lang='lat' dir='ltr'><strong>senatus,</strong></span> <span class='ocrx_word' id='word_1_163' title='bbox 667 2466 769 2541; x_wconf 82' lang='lat' dir='ltr'><strong>quenti</strong></span> <span class='ocrx_word' id='word_1_164' title='bbox 791 2465 842 2536; x_wconf 90' lang='lat' dir='ltr'><strong>tui,</strong></span> <span class='ocrx_word' id='word_1_165' title='bbox 862 2465 927 2540; x_wconf 85' lang='lat' dir='ltr'><strong>quis</strong></span> <span class='ocrx_word' id='word_1_166' title='bbox 948 2461 1083 2542; x_wconf 65' lang='lat' dir='ltr'><strong>igumi</strong></span> <span class='ocrx_word' id='word_1_167' title='bbox 1130 2463 1227 2524; x_wconf 85' lang='lat' dir='ltr'><strong>Tanto</strong></span> 
     </span>
     <span class='ocr_line' id='line_1_21' title="bbox 249 2558 1267 2638; baseline 0.005 -22"><span class='ocrx_word' id='word_1_168' title='bbox 249 2558 297 2616; x_wconf 91' lang='lat' dir='ltr'><strong>ille</strong></span> <span class='ocrx_word' id='word_1_169' title='bbox 317 2561 475 2636; x_wconf 76' lang='lat' dir='ltr'><strong>superiores</strong></span> <span class='ocrx_word' id='word_1_170' title='bbox 494 2561 603 2618; x_wconf 83' lang='lat' dir='ltr'><strong>vieerat</strong></span> <span class='ocrx_word' id='word_1_171' title='bbox 621 2559 720 2638; x_wconf 76' lang='lat' dir='ltr'><strong>gloria,</strong></span> <span class='ocrx_word' id='word_1_172' title='bbox 733 2569 841 2636; x_wconf 88' lang='lat' dir='ltr'><strong>quanto</strong></span> <span class='ocrx_word' id='word_1_173' title='bbox 853 2569 886 2618; x_wconf 89' lang='lat' dir='ltr'><strong>tu</strong></span> <span class='ocrx_word' id='word_1_174' title='bbox 899 2561 1030 2618; x_wconf 89' lang='lat' dir='ltr'><strong>omnibus</strong></span> <span class='ocrx_word' id='word_1_175' title='bbox 1049 2560 1223 2638; x_wconf 77' lang='lat' dir='ltr'><strong>praestitisti.</strong></span> <span class='ocrx_word' id='word_1_176' title='bbox 1233 2571 1267 2622; x_wconf 76' lang='lat' dir='ltr'><strong>to</strong></span> 
     </span>
     <span class='ocr_line' id='line_1_22' title="bbox 249 2653 1226 2733; baseline 0.006 -22"><span class='ocrx_word' id='word_1_177' title='bbox 249 2653 351 2730; x_wconf 87' lang='lat' dir='ltr'><strong>Itaque</strong></span> <span class='ocrx_word' id='word_1_178' title='bbox 379 2653 432 2715; x_wconf 76' lang='lat' dir='ltr'><strong>co</strong></span> <span class='ocrx_word' id='word_1_179' title='bbox 461 2655 592 2732; x_wconf 90' lang='lat' dir='ltr'><strong>Pompeii</strong></span> <span class='ocrx_word' id='word_1_180' title='bbox 617 2655 702 2727; x_wconf 80' lang='lat' dir='ltr'><strong>helle,</strong></span> <span class='ocrx_word' id='word_1_181' title='bbox 727 2657 870 2728; x_wconf 76' lang='lat' dir='ltr'><strong>victorius,</strong></span> <span class='ocrx_word' id='word_1_182' title='bbox 901 2656 1067 2733; x_wconf 88' lang='lat' dir='ltr'><strong>triumphos,</strong></span> <span class='ocrx_word' id='word_1_183' title='bbox 1097 2657 1226 2717; x_wconf 86' lang='lat' dir='ltr'><strong>oonsula·</strong></span> 
     </span>
     <span class='ocr_line' id='line_1_23' title="bbox 249 2752 1226 2831; baseline 0.003 -22"><span class='ocrx_word' id='word_1_184' title='bbox 249 2761 294 2810; x_wconf 86' lang='lat' dir='ltr'><strong>tus</strong></span> <span class='ocrx_word' id='word_1_185' title='bbox 317 2752 489 2811; x_wconf 77' lang='lat' dir='ltr'><strong>admirantes</strong></span> <span class='ocrx_word' id='word_1_186' title='bbox 508 2752 743 2811; x_wconf 75' lang='lat' dir='ltr'><strong>numerubmus:</strong></span> <span class='ocrx_word' id='word_1_187' title='bbox 771 2761 835 2810; x_wconf 89' lang='lat' dir='ltr'><strong>tuos</strong></span> <span class='ocrx_word' id='word_1_188' title='bbox 863 2769 1031 2812; x_wconf 77' lang='lat' dir='ltr'><strong>enumeret-e</strong></span> <span class='ocrx_word' id='word_1_189' title='bbox 1050 2771 1108 2812; x_wconf 91' lang='lat' dir='ltr'><strong>non</strong></span> <span class='ocrx_word' id='word_1_190' title='bbox 1128 2772 1226 2831; x_wconf 85' lang='lat' dir='ltr'><strong>possu-</strong></span> 
     </span>
     <span class='ocr_line' id='line_1_24' title="bbox 249 2859 758 2906; baseline 0.004 -1"><span class='ocrx_word' id='word_1_191' title='bbox 249 2865 318 2906; x_wconf 81' lang='lat' dir='ltr'><strong>mus</strong></span> <span class='ocrx_word' id='word_1_192' title='bbox 749 2859 758 2874; x_wconf 84' lang='lat'><strong>·</strong></span> 
     </span>
    </p>

    <p class='ocr_par' dir='ltr' id='par_1_3' title="bbox 249 2925 1264 4276">
     <span class='ocr_line' id='line_1_25' title="bbox 287 2925 1226 3022; baseline 0.003 -21"><span class='ocrx_word' id='word_1_193' title='bbox 287 2943 325 3001; x_wconf 89' lang='lat' dir='ltr'><strong>V.</strong></span> <span class='ocrx_word' id='word_1_194' title='bbox 367 2945 412 3002; x_wconf 78' lang='lat'><strong>13.</strong></span> <span class='ocrx_word' id='word_1_195' title='bbox 434 2945 483 3003; x_wconf 78' lang='lat' dir='ltr'><strong>Au</strong></span> <span class='ocrx_word' id='word_1_196' title='bbox 495 2941 572 3004; x_wconf 89' lang='lat' dir='ltr'><strong>¹eom</strong></span> <span class='ocrx_word' id='word_1_197' title='bbox 592 2945 680 3022; x_wconf 79' lang='lat' dir='ltr'><strong>igitur</strong></span> <span class='ocrx_word' id='word_1_198' title='bbox 698 2963 751 3004; x_wconf 84' lang='lat' dir='ltr'><strong>rex</strong></span> <span class='ocrx_word' id='word_1_199' title='bbox 772 2944 928 3005; x_wconf 81' lang='lat' dir='ltr'><strong>Deiotarus</strong></span> <span class='ocrx_word' id='word_1_200' title='bbox 947 2947 1028 3007; x_wconf 83' lang='lat' dir='ltr'><strong>venit</strong></span> <span class='ocrx_word' id='word_1_201' title='bbox 1047 2947 1101 3006; x_wconf 89' lang='lat' dir='ltr'><strong>hoe</strong></span> <span class='ocrx_word' id='word_1_202' title='bbox 1121 2925 1226 3005; x_wconf 84' lang='lat' dir='ltr'><strong>misero</strong></span> 
     </span>
     <span class='ocr_line' id='line_1_26' title="bbox 249 3037 1264 3120; baseline 0.007 -23"><span class='ocrx_word' id='word_1_203' title='bbox 249 3037 382 3116; x_wconf 76' lang='lat' dir='ltr'><strong>letalique</strong></span> <span class='ocrx_word' id='word_1_204' title='bbox 402 3041 485 3112; x_wconf 85' lang='lat' dir='ltr'><strong>bello,</strong></span> <span class='ocrx_word' id='word_1_205' title='bbox 504 3059 591 3118; x_wconf 90' lang='lat' dir='ltr'><strong>quem</strong></span> <span class='ocrx_word' id='word_1_206' title='bbox 611 3049 696 3100; x_wconf 86' lang='lat' dir='ltr'><strong>entea</strong></span> <span class='ocrx_word' id='word_1_207' title='bbox 714 3039 808 3118; x_wconf 77' lang='lat' dir='ltr'><strong>‘justis</strong></span> <span class='ocrx_word' id='word_1_208' title='bbox 829 3043 1035 3120; x_wconf 87' lang='lat' dir='ltr'><strong>hostilibusque</strong></span> <span class='ocrx_word' id='word_1_209' title='bbox 1048 3043 1131 3102; x_wconf 79' lang='lat' dir='ltr'><strong>bellis</strong></span> <span class='ocrx_word' id='word_1_210' title='bbox 1143 3041 1264 3118; x_wconf 79' lang='lat' dir='ltr'><strong>adju-tt</strong></span> 
     </span>
     <span class='ocr_line' id='line_1_27' title="bbox 250 3133 1225 3215; baseline 0.004 -21"><span class='ocrx_word' id='word_1_211' title='bbox 250 3146 337 3208; x_wconf 79' lang='lat' dir='ltr'><strong>verat,</strong></span> <span class='ocrx_word' id='word_1_212' title='bbox 356 3155 478 3213; x_wconf 89' lang='lat' dir='ltr'><strong>quocum</strong></span> <span class='ocrx_word' id='word_1_213' title='bbox 499 3147 562 3195; x_wconf 88' lang='lat' dir='ltr'><strong>erat</strong></span> <span class='ocrx_word' id='word_1_214' title='bbox 580 3155 637 3196; x_wconf 91' lang='lat' dir='ltr'><strong>nen</strong></span> <span class='ocrx_word' id='word_1_215' title='bbox 656 3133 789 3215; x_wconf 78' lang='lat' dir='ltr'><strong>‘hospitio</strong></span> <span class='ocrx_word' id='word_1_216' title='bbox 808 3139 909 3212; x_wconf 81' lang='lat' dir='ltr'><strong>sulum,</strong></span> <span class='ocrx_word' id='word_1_217' title='bbox 923 3157 1023 3200; x_wconf 85' lang='lat' dir='ltr'><strong>verunt</strong></span> <span class='ocrx_word' id='word_1_218' title='bbox 1044 3140 1129 3198; x_wconf 90' lang='lat' dir='ltr'><strong>etiam</strong></span> <span class='ocrx_word' id='word_1_219' title='bbox 1144 3137 1225 3198; x_wconf 85' lang='lat' dir='ltr'><strong>iami-</strong></span> 
     </span>
     <span class='ocr_line' id='line_1_28' title="bbox 250 3233 1225 3316; baseline 0.002 -24"><span class='ocrx_word' id='word_1_220' title='bbox 250 3233 369 3293; x_wconf 87' lang='lat' dir='ltr'><strong>liaritate</strong></span> <span class='ocrx_word' id='word_1_221' title='bbox 392 3233 576 3310; x_wconf 78' lang='lat' dir='ltr'><strong>eonjunctus3</strong></span> <span class='ocrx_word' id='word_1_222' title='bbox 605 3243 636 3294; x_wconf 86' lang='lat' dir='ltr'><strong>et</strong></span> <span class='ocrx_word' id='word_1_223' title='bbox 661 3236 741 3294; x_wconf 87' lang='lat' dir='ltr'><strong>venit</strong></span> <span class='ocrx_word' id='word_1_224' title='bbox 764 3237 812 3296; x_wconf 87' lang='lat' dir='ltr'><strong>vel</strong></span> <span class='ocrx_word' id='word_1_225' title='bbox 836 3247 959 3316; x_wconf 77' lang='lat' dir='ltr'><strong>rogatus,</strong></span> <span class='ocrx_word' id='word_1_226' title='bbox 982 3245 1016 3296; x_wconf 89' lang='lat' dir='ltr'><strong>ut</strong></span> <span class='ocrx_word' id='word_1_227' title='bbox 1038 3237 1155 3308; x_wconf 87' lang='lat' dir='ltr'><strong>amicus,</strong></span> <span class='ocrx_word' id='word_1_228' title='bbox 1176 3235 1225 3294; x_wconf 81' lang='lat' dir='ltr'><strong>vel</strong></span> 
     </span>
     <span class='ocr_line' id='line_1_29' title="bbox 250 3330 1224 3410; baseline 0 -20"><span class='ocrx_word' id='word_1_229' title='bbox 250 3332 405 3402; x_wconf 73' lang='lat' dir='ltr'><strong>moestum,</strong></span> <span class='ocrx_word' id='word_1_230' title='bbox 424 3341 457 3389; x_wconf 89' lang='lat' dir='ltr'><strong>ut</strong></span> <span class='ocrx_word' id='word_1_231' title='bbox 475 3331 575 3403; x_wconf 88' lang='lat' dir='ltr'><strong>socius,</strong></span> <span class='ocrx_word' id='word_1_232' title='bbox 589 3330 638 3390; x_wconf 83' lang='lat' dir='ltr'><strong>vel</strong></span> <span class='ocrx_word' id='word_1_233' title='bbox 656 3342 799 3405; x_wconf 66' lang='lat' dir='ltr'><strong>woeams,</strong></span> <span class='ocrx_word' id='word_1_234' title='bbox 818 3339 855 3394; x_wconf 82' lang='lat' dir='ltr'><strong>ub</strong></span> <span class='ocrx_word' id='word_1_235' title='bbox 875 3334 971 3410; x_wconf 75' lang='lat' dir='ltr'><strong>isqui</strong></span> <span class='ocrx_word' id='word_1_236' title='bbox 991 3333 1102 3392; x_wconf 86' lang='lat' dir='ltr'><strong>senatui</strong></span> <span class='ocrx_word' id='word_1_237' title='bbox 1123 3349 1224 3410; x_wconf 85' lang='lat' dir='ltr'><strong>parere</strong></span> 
     </span>
     <span class='ocr_line' id='line_1_30' title="bbox 250 3428 1224 3508; baseline 0.002 -23"><span class='ocrx_word' id='word_1_238' title='bbox 250 3428 404 3486; x_wconf 78' lang='lat' dir='ltr'><strong>didicisset:</strong></span> <span class='ocrx_word' id='word_1_239' title='bbox 424 3439 567 3504; x_wconf 89' lang='lat' dir='ltr'><strong>postremo</strong></span> <span class='ocrx_word' id='word_1_240' title='bbox 585 3431 665 3489; x_wconf 80' lang='lat' dir='ltr'><strong>venit</strong></span> <span class='ocrx_word' id='word_1_241' title='bbox 677 3441 710 3490; x_wconf 90' lang='lat' dir='ltr'><strong>ot</strong></span> <span class='ocrx_word' id='word_1_242' title='bbox 729 3433 766 3491; x_wconf 86' lang='lat' dir='ltr'><strong>ad</strong></span> <span class='ocrx_word' id='word_1_243' title='bbox 785 3431 951 3508; x_wconf 81' lang='lat' dir='ltr'><strong>fugientem,</strong></span> <span class='ocrx_word' id='word_1_244' title='bbox 964 3451 1021 3491; x_wconf 89' lang='lat' dir='ltr'><strong>non</strong></span> <span class='ocrx_word' id='word_1_245' title='bbox 1042 3439 1075 3488; x_wconf 88' lang='lat' dir='ltr'><strong>ut</strong></span> <span class='ocrx_word' id='word_1_246' title='bbox 1093 3429 1132 3488; x_wconf 88' lang='lat' dir='ltr'><strong>ad</strong></span> <span class='ocrx_word' id='word_1_247' title='bbox 1151 3429 1224 3487; x_wconf 89' lang='lat' dir='ltr'><strong>inse·</strong></span> 
     </span>
     <span class='ocr_line' id='line_1_31' title="bbox 251 3523 1264 3601; baseline 0.004 -23"><span class='ocrx_word' id='word_1_248' title='bbox 251 3534 388 3597; x_wconf 89' lang='lat' dir='ltr'><strong>quentem‚</strong></span> <span class='ocrx_word' id='word_1_249' title='bbox 402 3523 431 3580; x_wconf 81' lang='lat' dir='ltr'><strong>io</strong></span> <span class='ocrx_word' id='word_1_250' title='bbox 443 3533 488 3581; x_wconf 87' lang='lat' dir='ltr'><strong>est</strong></span> <span class='ocrx_word' id='word_1_251' title='bbox 500 3525 537 3582; x_wconf 84' lang='lat' dir='ltr'><strong>ad</strong></span> <span class='ocrx_word' id='word_1_252' title='bbox 550 3526 678 3601; x_wconf 85' lang='lat' dir='ltr'><strong>periculi,</strong></span> <span class='ocrx_word' id='word_1_253' title='bbox 688 3547 744 3587; x_wconf 91' lang='lat' dir='ltr'><strong>non</strong></span> <span class='ocrx_word' id='word_1_254' title='bbox 758 3529 796 3587; x_wconf 87' lang='lat' dir='ltr'><strong>ad</strong></span> <span class='ocrx_word' id='word_1_255' title='bbox 809 3528 946 3587; x_wconf 66' lang='lat' dir='ltr'><strong>victoum</strong></span> <span class='ocrx_word' id='word_1_256' title='bbox 960 3527 1131 3585; x_wconf 87' lang='lat' dir='ltr'><strong>societatem.</strong></span> <span class='ocrx_word' id='word_1_257' title='bbox 1165 3523 1264 3583; x_wconf 83' lang='lat' dir='ltr'><strong>lte-so</strong></span> 
     </span>
     <span class='ocr_line' id='line_1_32' title="bbox 250 3615 1224 3700; baseline 0.003 -27"><span class='ocrx_word' id='word_1_258' title='bbox 250 3633 303 3691; x_wconf 90' lang='lat' dir='ltr'><strong>que</strong></span> <span class='ocrx_word' id='word_1_259' title='bbox 317 3615 484 3677; x_wconf 75' lang='lat' dir='ltr'><strong>Pharsalico</strong></span> <span class='ocrx_word' id='word_1_260' title='bbox 503 3621 612 3697; x_wconf 88' lang='lat' dir='ltr'><strong>proelio</strong></span> <span class='ocrx_word' id='word_1_261' title='bbox 629 3622 707 3683; x_wconf 78' lang='lat' dir='ltr'><strong>facto</strong></span> <span class='ocrx_word' id='word_1_262' title='bbox 727 3623 899 3700; x_wconf 87' lang='lat' dir='ltr'><strong>aPompeio</strong></span> <span class='ocrx_word' id='word_1_263' title='bbox 912 3621 1058 3682; x_wconf 80' lang='lat' dir='ltr'><strong>diseessit:</strong></span> <span class='ocrx_word' id='word_1_264' title='bbox 1078 3637 1158 3698; x_wconf 88' lang='lat' dir='ltr'><strong>spem</strong></span> <span class='ocrx_word' id='word_1_265' title='bbox 1170 3617 1224 3676; x_wconf 76' lang='lat' dir='ltr'><strong>in·</strong></span> 
     </span>
     <span class='ocr_line' id='line_1_33' title="bbox 251 3711 1224 3794; baseline 0.005 -26"><span class='ocrx_word' id='word_1_266' title='bbox 251 3711 354 3769; x_wconf 85' lang='lat' dir='ltr'><strong>linitam</strong></span> <span class='ocrx_word' id='word_1_267' title='bbox 368 3716 499 3790; x_wconf 84' lang='lat' dir='ltr'><strong>persequi</strong></span> <span class='ocrx_word' id='word_1_268' title='bbox 520 3717 628 3776; x_wconf 82' lang='lat' dir='ltr'><strong>noluit:</strong></span> <span class='ocrx_word' id='word_1_269' title='bbox 647 3719 695 3777; x_wconf 82' lang='lat' dir='ltr'><strong>vel</strong></span> <span class='ocrx_word' id='word_1_270' title='bbox 714 3719 815 3790; x_wconf 83' lang='lat' dir='ltr'><strong>officio,</strong></span> <span class='ocrx_word' id='word_1_271' title='bbox 828 3719 853 3776; x_wconf 92' lang='lat' dir='ltr'><strong>si</strong></span> <span class='ocrx_word' id='word_1_272' title='bbox 867 3717 936 3794; x_wconf 86' lang='lat' dir='ltr'><strong>quid</strong></span> <span class='ocrx_word' id='word_1_273' title='bbox 948 3717 1094 3786; x_wconf 76' lang='lat' dir='ltr'><strong>debuerat,</strong></span> <span class='ocrx_word' id='word_1_274' title='bbox 1109 3715 1156 3774; x_wconf 81' lang='lat' dir='ltr'><strong>vel</strong></span> <span class='ocrx_word' id='word_1_275' title='bbox 1168 3713 1224 3774; x_wconf 73' lang='lat' dir='ltr'><strong>&#39;er-</strong></span> 
     </span>
     <span class='ocr_line' id='line_1_34' title="bbox 251 3807 1223 3885; baseline 0.005 -21"><span class='ocrx_word' id='word_1_276' title='bbox 251 3807 311 3880; x_wconf 84' lang='lat' dir='ltr'><strong>rori,</strong></span> <span class='ocrx_word' id='word_1_277' title='bbox 325 3809 350 3866; x_wconf 84' lang='lat' dir='ltr'><strong>si</strong></span> <span class='ocrx_word' id='word_1_278' title='bbox 362 3811 431 3885; x_wconf 86' lang='lat' dir='ltr'><strong>quid</strong></span> <span class='ocrx_word' id='word_1_279' title='bbox 445 3818 592 3884; x_wconf 80' lang='lat' dir='ltr'><strong>nescierat,</strong></span> <span class='ocrx_word' id='word_1_280' title='bbox 603 3815 777 3874; x_wconf 70' lang='lat' dir='ltr'><strong>mtisfactum</strong></span> <span class='ocrx_word' id='word_1_281' title='bbox 790 3833 854 3872; x_wconf 88' lang='lat' dir='ltr'><strong>esse</strong></span> <span class='ocrx_word' id='word_1_282' title='bbox 866 3813 963 3872; x_wconf 74' lang='lat' dir='ltr'><strong>‹luxitz</strong></span> <span class='ocrx_word' id='word_1_283' title='bbox 983 3813 1099 3871; x_wconf 89' lang='lat' dir='ltr'><strong>domum</strong></span> <span class='ocrx_word' id='word_1_284' title='bbox 1113 3829 1144 3870; x_wconf 90' lang='lat' dir='ltr'><strong>se</strong></span> <span class='ocrx_word' id='word_1_285' title='bbox 1157 3829 1223 3868; x_wconf 88' lang='lat' dir='ltr'><strong>nou·</strong></span> 
     </span>
     <span class='ocr_line' id='line_1_35' title="bbox 251 3905 1222 3987; baseline 0.005 -27"><span class='ocrx_word' id='word_1_286' title='bbox 251 3905 319 3976; x_wconf 87' lang='lat' dir='ltr'><strong>tulit,</strong></span> <span class='ocrx_word' id='word_1_287' title='bbox 339 3917 425 3984; x_wconf 78' lang='lat' dir='ltr'><strong>teque</strong></span> <span class='ocrx_word' id='word_1_288' title='bbox 449 3910 679 3970; x_wconf 77' lang='lat' dir='ltr'><strong>Alexandrinum</strong></span> <span class='ocrx_word' id='word_1_289' title='bbox 702 3910 810 3968; x_wconf 91' lang='lat' dir='ltr'><strong>bellum</strong></span> <span class='ocrx_word' id='word_1_290' title='bbox 832 3919 949 3987; x_wconf 78' lang='lat' dir='ltr'><strong>gerente</strong></span> <span class='ocrx_word' id='word_1_291' title='bbox 972 3907 1140 3966; x_wconf 75' lang='lat' dir='ltr'><strong>utilitatibus</strong></span> <span class='ocrx_word' id='word_1_292' title='bbox 1165 3906 1222 3964; x_wconf 84' lang='lat' dir='ltr'><strong>tuis</strong></span> 
     </span>
     <span class='ocr_line' id='line_1_36' title="bbox 251 3999 1262 4080; baseline 0.005 -23"><span class='ocrx_word' id='word_1_293' title='bbox 251 3999 347 4074; x_wconf 86' lang='lat' dir='ltr'><strong>paruit.</strong></span> <span class='ocrx_word' id='word_1_294' title='bbox 390 4006 436 4062; x_wconf 81' lang='lat'><strong>14.</strong></span> <span class='ocrx_word' id='word_1_295' title='bbox 456 4005 512 4063; x_wconf 89' lang='lat' dir='ltr'><strong>llle</strong></span> <span class='ocrx_word' id='word_1_296' title='bbox 524 4007 682 4063; x_wconf 84' lang='lat' dir='ltr'><strong>exereitum</strong></span> <span class='ocrx_word' id='word_1_297' title='bbox 695 4001 762 4064; x_wconf 71' lang='grc' dir='ltr'><strong>Ὅτι.</strong></span> <span class='ocrx_word' id='word_1_298' title='bbox 777 4003 899 4062; x_wconf 90' lang='lat' dir='ltr'><strong>Domitii</strong></span> <span class='ocrx_word' id='word_1_299' title='bbox 912 4003 1080 4080; x_wconf 79' lang='lat' dir='ltr'><strong>amplissimi</strong></span> <span class='ocrx_word' id='word_1_300' title='bbox 1094 4003 1149 4060; x_wconf 80' lang='lat' dir='ltr'><strong>viri</strong></span> <span class='ocrx_word' id='word_1_301' title='bbox 1162 4004 1262 4062; x_wconf 79' lang='lat' dir='ltr'><strong>suists</strong></span> 
     </span>
     <span class='ocr_line' id='line_1_37' title="bbox 251 4093 1222 4178; baseline 0.002 -23"><span class='ocrx_word' id='word_1_302' title='bbox 251 4097 326 4155; x_wconf 84' lang='lat' dir='ltr'><strong>tectis</strong></span> <span class='ocrx_word' id='word_1_303' title='bbox 339 4109 369 4158; x_wconf 91' lang='lat' dir='ltr'><strong>et</strong></span> <span class='ocrx_word' id='word_1_304' title='bbox 382 4097 470 4178; x_wconf 90' lang='lat' dir='ltr'><strong>eopiis</strong></span> <span class='ocrx_word' id='word_1_305' title='bbox 488 4101 676 4160; x_wconf 73' lang='lat' dir='ltr'><strong>sumentevit:</strong></span> <span class='ocrx_word' id='word_1_306' title='bbox 695 4101 745 4160; x_wconf 90' lang='lat' dir='ltr'><strong>ille</strong></span> <span class='ocrx_word' id='word_1_307' title='bbox 758 4100 907 4176; x_wconf 81' lang='lat' dir='ltr'><strong>Ephesum</strong></span> <span class='ocrx_word' id='word_1_308' title='bbox 927 4099 966 4158; x_wconf 81' lang='lat' dir='ltr'><strong>ad</strong></span> <span class='ocrx_word' id='word_1_309' title='bbox 985 4093 1070 4170; x_wconf 68' lang='lat' dir='ltr'><strong>&#39;eum</strong></span> <span class='ocrx_word' id='word_1_310' title='bbox 1083 4117 1169 4176; x_wconf 90' lang='lat' dir='ltr'><strong>quem</strong></span> <span class='ocrx_word' id='word_1_311' title='bbox 1190 4109 1222 4157; x_wconf 90' lang='lat' dir='ltr'><strong>tu</strong></span> 
     </span>
     <span class='ocr_line' id='line_1_38' title="bbox 252 4192 1222 4276; baseline 0.005 -25"><span class='ocrx_word' id='word_1_312' title='bbox 252 4211 286 4251; x_wconf 81' lang='lat' dir='ltr'><strong>ex</strong></span> <span class='ocrx_word' id='word_1_313' title='bbox 305 4197 361 4256; x_wconf 87' lang='lat' dir='ltr'><strong>tuis</strong></span> <span class='ocrx_word' id='word_1_314' title='bbox 386 4198 583 4258; x_wconf 72' lang='lat' dir='ltr'><strong>lidehmimum</strong></span> <span class='ocrx_word' id='word_1_315' title='bbox 608 4205 641 4258; x_wconf 87' lang='lat' dir='ltr'><strong>et</strong></span> <span class='ocrx_word' id='word_1_316' title='bbox 665 4195 896 4275; x_wconf 84' lang='lat' dir='ltr'><strong>probatissimum</strong></span> <span class='ocrx_word' id='word_1_317' title='bbox 918 4192 1061 4256; x_wconf 71' lang='lat' dir='ltr'><strong>&#39;omnibus</strong></span> <span class='ocrx_word' id='word_1_318' title='bbox 1083 4193 1222 4276; x_wconf 79' lang='lat' dir='ltr'><strong>delegisti,</strong></span> 
     </span>
    </p>
   </div>
   <div class='ocr_carea' id='block_1_3' title="bbox 0 0 1679 4984">
    <p class='ocr_par' dir='ltr' id='par_1_4' title="bbox 0 0 1679 4984">
     <span class='ocr_line' id='line_1_39' title="bbox 0 0 1679 4984; baseline 0 0"><span class='ocrx_word' id='word_1_319' title='bbox 0 0 1679 4984; x_wconf 95' lang='lat' dir='ltr'><strong> </strong></span> 
     </span>
    </p>
   </div>
  </div>
 </body>
</html>
