3317 4984
522 531 641 580 outcto
661 532 706 576 ιν.
726 533 760 577 ns
781 533 810 576 t.
832 532 1019 578 camnine
1218 519 1275 579 237

219 690 340 750 bellum
356 702 537 774 susceptum
550 711 613 754 esso
628 691 731 754 video:
750 691 782 752 id
794 711 849 771 ego
861 701 957 760 vestm
969 693 1167 769 bonorumque
1176 711 1237 754 om·

220 787 306 846 nium
333 791 463 852 auxilio
487 790 682 865 memoriaque
703 797 848 848 tantorum
867 790 1066 867 periculorum,
1083 808 1159 866 quae
1178 808 1237 850 non

218 883 312 943 modo
334 887 372 944 in
395 887 460 948 hoc
478 887 592 965 populo,
605 887 656 962 qni
675 895 805 946 servatus
819 894 871 958 est,
883 887 936 946 sed
954 887 985 945 in
997 886 1124 945 omnium
1143 889 1237 964 genti-

219 999 274 1040 um
288 985 492 1044 sermonibus
511 1002 546 1044 ao
558 983 701 1042 mentibus
714 1000 828 1058 semper
847 982 987 1052 haerebit,
1007 1000 1026 1040 a
1044 1000 1092 1041 me
1111 990 1197 1059 atque
1216 1002 1237 1042 a

220 1077 299 1134 meis
321 1076 425 1138 facile
453 1078 614 1158 propulsari
634 1095 716 1154 posse
736 1075 855 1136 conlido.
894 1076 1001 1153 Neque
1021 1077 1082 1136 ulla
1107 1077 1234 1154 profecto
1258 1091 1274 1139 t

221 1182 310 1232 tanta
324 1173 378 1232 vis
401 1175 575 1252 reperietur,
587 1169 683 1249 1⁶quae
703 1171 930 1249 conjunctionem
948 1181 1074 1232 vestram
1094 1174 1237 1249 equitnm·

221 1288 284 1344 qne
301 1268 526 1342 Romanorum,
539 1279 568 1329 et
581 1278 690 1330 tantm
702 1269 940 1348 conspirationem
949 1270 1090 1328 bonomm
1098 1271 1236 1330 omnium.

223 1363 430 1444 confringere
444 1377 474 1426 et
485 1365 659 1425 labefactare
672 1360 777 1442 possit¹

267 1461 332 1520 xl.
382 1464 436 1522 23.
458 1462 541 1538 Quae
560 1481 649 1539 quum
668 1463 709 1522 ita
729 1461 793 1534 sint,
806 1457 870 1538 1pro
889 1461 1018 1537 imperio,
1030 1479 1084 1538 pro
1096 1461 1235 1533 exercitu,

225 1575 282 1634 pro
295 1560 471 1636 provincia,
479 1577 565 1634 quam
577 1557 702 1636 neglexi,
720 1554 783 1634 ²pro
796 1555 950 1632 triumpho,
967 1556 1127 1631 ceterisque
1140 1557 1233 1615 laudis
1243 1569 1273 1617 ιο

226 1653 415 1730 insignibus,
429 1673 503 1730 qnae
517 1663 582 1713 sunt
599 1673 619 1712 a
637 1673 684 1712 me
703 1661 820 1732 propter
839 1652 918 1712 urbis
940 1659 1112 1726 vestraeque
1134 1651 1234 1712 salutis

228 1749 408 1810 custodiam
421 1751 583 1827 repudiata,
608 1769 661 1828 pro
677 1745 826 1808 ³clientelis
846 1748 1032 1828 hospitiisque
1053 1747 1234 1823 provinciali·

228 1841 406 1922 bus,⁴qnae
414 1855 510 1906 tamen
519 1845 635 1904 urbanis
644 1845 745 1922 opibus
755 1861 812 1904 non
821 1843 932 1901 minore
942 1842 1041 1901 labore
1050 1851 1234 1918 tneor‚quam

230 1958 382 2017 comparo
393 1965 402 2012 ς
423 1961 476 2020 pro
495 1941 540 2000 his
553 1938 651 2018 ³igitur
664 1939 795 1999 omnibus
809 1939 903 2012 rebus,
916 1957 969 2016 pro
983 1938 1054 1996 meis
1067 1938 1097 1995 in
1112 1957 1163 1998 voa
1176 1939 1233 1998 sin·

231 2037 397 2112 gularibua
412 2037 513 2096 studiis
527 2055 636 2114 proque
650 2036 712 2107 hac,
726 2054 814 2111 quam
827 2034 997 2110 conspicitis,
1011 2033 1049 2092 ad
1062 2052 1232 2093 conservan-
1242 2048 1272 2096 lt

233 2131 305 2190 dam
319 2134 545 2210 rempublicam
560 2131 716 2210 diligentia,
729 2131 802 2188 nihil
814 2150 834 2190 a
844 2131 924 2189 vobis
934 2130 990 2188 nisi
1000 2128 1087 2206 hujus
1097 2131 1233 2208 temporis

235 2227 392 2305 tonusque
405 2224 648 2288 meiloonsulatus
661 2228 828 2287 memoriam
848 2227 977 2304 postulo:
997 2245 1072 2302 quae
1084 2222 1164 2285 'dum
1177 2227 1233 2286 erit
1363 2255 1368 2263 ·

236 2321 268 2380 in
281 2324 396 2383 vestris
409 2323 470 2382 lixa
482 2325 632 2396 mentibus,
645 2323 785 2382 tutissimo
795 2341 842 2380 me
852 2341 934 2381 muro
944 2330 1074 2398 saeptum
1085 2340 1148 2380 esse
1157 2323 1233 2382 arbi·

238 2420 353 2478 nabor.
398 2417 518 2494 Quodsi
530 2438 625 2478 meam
638 2438 719 2496 spem
733 2420 776 2478 vis
790 2419 984 2496 improborum
996 2418 1132 2478 fefellerit
1144 2427 1232 2494 atque

238 2515 438 2590 superaverit,
451 2514 616 2574 commendo
633 2515 714 2574 vohis
733 2533 855 2592 parvum
874 2534 971 2574 meum
988 2515 1087 2587 filium,
1100 2515 1147 2573 cui
1166 2526 1272 2591 pro-2⁰

240 2607 318 2668 fecto
333 2611 407 2669 eafa
428 2611 482 2669 en't
502 2611 635 2688 praesidii
655 2629 712 2670 non
725 2611 816 2670 solum
830 2611 868 2670 ao
888 2611 1017 2682 salutem,
1030 2611 1232 2669 verumetiam

241 2707 279 2766 ad
300 2708 483 2786 dignitatem,
499 2709 523 2767 ai
543 2707 614 2786 ojus,
627 2709 677 2785 qui
696 2710 769 2770 haec
788 2691 885 2770 omnia
903 2705 966 2768 ⁸suo
986 2709 1086 2768 solius·
1105 2709 1235 2786 periculo.

244 2805 472 2876 conservaverit,
485 2805 567 2864 illum
579 2805 671 2864 filium
684 2824 746 2866 esse
759 2806 954 2866 memineritis

285 2901 338 2960 24,
360 2899 543 2978 Quapropter
552 2901 589 2960 de
598 2919 711 2962 summa
724 2902 816 2962 salute
827 2912 924 2962 vestra
934 2901 1088 2980 populique
1099 2900 1231 2972 Romani,

246 2995 284 3054 ‹le
296 2997 405 3056 vestris
425 2995 592 3074 conjugibus
613 3016 647 3056 ac
666 2999 771 3072 liberis,
783 2995 832 3058 ⁹de
844 2999 902 3057 aris
916 3017 950 3057 ac
969 2998 1046 3070 focis,
1060 2999 1096 3056 de
1110 2997 1183 3056 fanis
1196 3009 1271 3060 acto

247 3093 373 3170 templis,
386 3093 422 3151 de
435 3093 520 3152 totius
534 3093 612 3152 urbis
626 3096 707 3154 tectis
721 3114 756 3154 ao
769 3097 892 3167 sedibus,
906 3094 942 3154 de
955 3095 1083 3178 imperio,
1097 3095 1133 3154 de
1146 3095 1232 3154 liber·

248 3195 317 3262 tate‚
332 3189 369 3248 de
383 3188 474 3248 saluto
487 3188 598 3262 Italiae,
612 3189 648 3248 de
662 3191 797 3250 universa
816 3210 849 3251 ro
868 3190 986 3270 publica
1004 3190 1149 3250 decernite
1168 3191 1232 3249 dili-

248 3293 360 3361 genter,
373 3279 425 3342 ¹⁰ut
444 3284 612 3355 instituistis,
634 3304 670 3346 ao
688 3285 812 3348 fortiter..
849 3286 972 3346 Habetis
992 3305 1058 3348 eum
1078 3289 1231 3361 consulem,

250 3381 301 3456 qni
320 3389 350 3440 et
369 3398 472 3457 parere
485 3383 586 3440 vestris
600 3383 720 3442 decretis
733 3402 792 3443 non
804 3379 934 3455 dubitet,b
946 3379 996 3444 ¹¹et
1009 3401 1044 3442 ea
1057 3402 1132 3461 quae
1144 3393 1233 3443 statu·

250 3479 339 3550 eritis,
349 3477 444 3554 quoad
455 3477 542 3550 vivet,
551 3477 704 3538 defendere
712 3487 741 3538 et
750 3497 804 3556 per
816 3498 848 3538 ae
857 3479 952 3559 ipsum
964 3490 1111 3558 praestare
1121 3477 1282 3556 possitlso·

279 3647 405 3704 11.-x.
436 3647 503 3699 ¹soo.

279 3729 326 3780 xa
357 3727 588 3789 mota-*too

278 3806 484 3866 musa-x„
515 3806 767 3876 utstatim).

278 3888 326 3944 xt
343 3888 723 3957 ⁸20⁵,1t1³‚(a).-⁵ao⁴‚1.
