<?xml version="1.0" encoding="UTF-8"?>
<!DOCTYPE html PUBLIC "-//W3C//DTD XHTML 1.0 Transitional//EN"
    "http://www.w3.org/TR/xhtml1/DTD/xhtml1-transitional.dtd">
<html xmlns="http://www.w3.org/1999/xhtml" xml:lang="en" lang="en">
 <head>
  <title>
</title>
<meta http-equiv="Content-Type" content="text/html;charset=utf-8" />
  <meta name='ocr-system' content='tesseract 3.04.00' />
  <meta name='ocr-capabilities' content='ocr_page ocr_carea ocr_par ocr_line ocrx_word'/>
</head>
<body>
  <div class='ocr_page' id='page_1' title='image "./preparatorylati00hansgoog_0214.png"; bbox 0 0 3317 4984; ppageno 0'>
   <div class='ocr_carea' id='block_1_1' title="bbox 661 513 1262 595">
    <p class='ocr_par' dir='ltr' id='par_1_1' title="bbox 661 513 1262 595">
     <span class='ocr_line' id='line_1_1' title="bbox 661 513 1262 595; baseline 0.007 -27"><span class='ocrx_word' id='word_1_1' title='bbox 661 524 838 595; x_wconf 20' lang='lat' dir='ltr'><strong>&#39;curruum</strong></span> <span class='ocrx_word' id='word_1_2' title='bbox 1206 513 1262 572; x_wconf 77' lang='lat'><strong>183</strong></span> 
     </span>
    </p>
   </div>
   <div class='ocr_carea' id='block_1_2' title="bbox 221 684 1262 2310">
    <p class='ocr_par' dir='ltr' id='par_1_2' title="bbox 221 684 1262 1906">
     <span class='ocr_line' id='line_1_2' title="bbox 224 684 1223 748; baseline 0.006 -6"><span class='ocrx_word' id='word_1_3' title='bbox 224 685 314 743; x_wconf 87' lang='lat' dir='ltr'><strong>timidi</strong></span> <span class='ocrx_word' id='word_1_4' title='bbox 332 685 495 744; x_wconf 81' lang='lat' dir='ltr'><strong>resistunt:</strong></span> <span class='ocrx_word' id='word_1_5' title='bbox 517 705 654 745; x_wconf 83' lang='lat' dir='ltr'><strong>maxuma</strong></span> <span class='ocrx_word' id='word_1_6' title='bbox 668 687 698 744; x_wconf 87' lang='lat' dir='ltr'><strong>vi</strong></span> <span class='ocrx_word' id='word_1_7' title='bbox 711 695 847 745; x_wconf 86' lang='lat' dir='ltr'><strong>certatur.</strong></span> <span class='ocrx_word' id='word_1_8' title='bbox 888 684 1005 746; x_wconf 85' lang='lat' dir='ltr'><strong>Interea</strong></span> <span class='ocrx_word' id='word_1_9' title='bbox 1019 685 1146 748; x_wconf 79' lang='lat' dir='ltr'><strong>Catilina</strong></span> <span class='ocrx_word' id='word_1_10' title='bbox 1157 707 1223 748; x_wconf 87' lang='lat' dir='ltr'><strong>cum</strong></span> 
     </span>
     <span class='ocr_line' id='line_1_3' title="bbox 222 779 1224 858; baseline 0.004 -19"><span class='ocrx_word' id='word_1_11' title='bbox 222 779 369 858; x_wconf 83' lang='lat' dir='ltr'><strong>expeditis</strong></span> <span class='ocrx_word' id='word_1_12' title='bbox 387 781 419 838; x_wconf 92' lang='lat' dir='ltr'><strong>in</strong></span> <span class='ocrx_word' id='word_1_13' title='bbox 437 781 530 858; x_wconf 88' lang='lat' dir='ltr'><strong>prims</strong></span> <span class='ocrx_word' id='word_1_14' title='bbox 543 782 606 840; x_wconf 84' lang='lat' dir='ltr'><strong>scie</strong></span> <span class='ocrx_word' id='word_1_15' title='bbox 619 782 749 854; x_wconf 74' lang='lat' dir='ltr'><strong>versari·</strong></span> <span class='ocrx_word' id='word_1_16' title='bbox 759 782 954 842; x_wconf 69' lang='lat' dir='ltr'><strong>laborantibus</strong></span> <span class='ocrx_word' id='word_1_17' title='bbox 967 801 1143 856; x_wconf 71' lang='lat' dir='ltr'><strong>succurrere,</strong></span> <span class='ocrx_word' id='word_1_18' title='bbox 1152 785 1224 843; x_wconf 87' lang='lat' dir='ltr'><strong>inte-</strong></span> 
     </span>
     <span class='ocr_line' id='line_1_4' title="bbox 221 879 1254 957; baseline 0.004 -21"><span class='ocrx_word' id='word_1_19' title='bbox 221 897 288 955; x_wconf 88' lang='lat' dir='ltr'><strong>gros</strong></span> <span class='ocrx_word' id='word_1_20' title='bbox 316 897 373 954; x_wconf 90' lang='lat' dir='ltr'><strong>pro</strong></span> <span class='ocrx_word' id='word_1_21' title='bbox 401 879 509 938; x_wconf 79' lang='lat' dir='ltr'><strong>sauciis</strong></span> <span class='ocrx_word' id='word_1_22' title='bbox 533 897 690 951; x_wconf 84' lang='lat' dir='ltr'><strong>accersere,</strong></span> <span class='ocrx_word' id='word_1_23' title='bbox 712 879 809 938; x_wconf 84' lang='lat' dir='ltr'><strong>omnis</strong></span> <span class='ocrx_word' id='word_1_24' title='bbox 833 879 994 956; x_wconf 83' lang='lat' dir='ltr'><strong>providere,</strong></span> <span class='ocrx_word' id='word_1_25' title='bbox 1016 879 1138 938; x_wconf 89' lang='lat' dir='ltr'><strong>multum</strong></span> <span class='ocrx_word' id='word_1_26' title='bbox 1161 881 1254 957; x_wconf 84' lang='lat' dir='ltr'><strong>ipse.</strong></span> 
     </span>
     <span class='ocr_line' id='line_1_5' title="bbox 221 973 1224 1054; baseline 0 -20"><span class='ocrx_word' id='word_1_27' title='bbox 221 993 363 1052; x_wconf 82' lang='lat' dir='ltr'><strong>pugnare,</strong></span> <span class='ocrx_word' id='word_1_28' title='bbox 378 993 472 1054; x_wconf 86' lang='lat' dir='ltr'><strong>saepe</strong></span> <span class='ocrx_word' id='word_1_29' title='bbox 493 975 605 1034; x_wconf 87' lang='lat' dir='ltr'><strong>bostem</strong></span> <span class='ocrx_word' id='word_1_30' title='bbox 625 973 720 1034; x_wconf 91' lang='lat' dir='ltr'><strong>ferire.</strong></span> <span class='ocrx_word' id='word_1_31' title='bbox 762 974 880 1035; x_wconf 90' lang='lat' dir='ltr'><strong>Streuui</strong></span> <span class='ocrx_word' id='word_1_32' title='bbox 892 976 990 1034; x_wconf 83' lang='lat' dir='ltr'><strong>miliu&#39;s</strong></span> <span class='ocrx_word' id='word_1_33' title='bbox 1002 983 1033 1034; x_wconf 90' lang='lat' dir='ltr'><strong>et</strong></span> <span class='ocrx_word' id='word_1_34' title='bbox 1053 976 1121 1034; x_wconf 88' lang='lat' dir='ltr'><strong>boni</strong></span> <span class='ocrx_word' id='word_1_35' title='bbox 1134 977 1224 1053; x_wconf 84' lang='lat' dir='ltr'><strong>irnpe-</strong></span> 
     </span>
     <span class='ocr_line' id='line_1_6' title="bbox 221 1069 1249 1147; baseline 0.004 -18"><span class='ocrx_word' id='word_1_36' title='bbox 221 1073 326 1129; x_wconf 89' lang='lat' dir='ltr'><strong>rstoris</strong></span> <span class='ocrx_word' id='word_1_37' title='bbox 340 1071 443 1131; x_wconf 89' lang='lat' dir='ltr'><strong>officia</strong></span> <span class='ocrx_word' id='word_1_38' title='bbox 457 1071 542 1130; x_wconf 91' lang='lat' dir='ltr'><strong>simul</strong></span> <span class='ocrx_word' id='word_1_39' title='bbox 555 1071 774 1147; x_wconf 72' lang='lat' dir='ltr'><strong>exsequebatur.</strong></span> <span class='ocrx_word' id='word_1_40' title='bbox 815 1070 959 1143; x_wconf 72' lang='lat' dir='ltr'><strong>Petreius,</strong></span> <span class='ocrx_word' id='word_1_41' title='bbox 973 1073 1022 1130; x_wconf 92' lang='lat' dir='ltr'><strong>ubi</strong></span> <span class='ocrx_word' id='word_1_42' title='bbox 1036 1071 1114 1130; x_wconf 85' lang='lat' dir='ltr'><strong>videt</strong></span> <span class='ocrx_word' id='word_1_43' title='bbox 1126 1069 1249 1133; x_wconf 75' lang='lat' dir='ltr'><strong>Catili-5</strong></span> 
     </span>
     <span class='ocr_line' id='line_1_7' title="bbox 221 1164 1222 1245; baseline 0.001 -19"><span class='ocrx_word' id='word_1_44' title='bbox 221 1187 297 1236; x_wconf 77' lang='lat' dir='ltr'><strong>nam,</strong></span> <span class='ocrx_word' id='word_1_45' title='bbox 310 1165 432 1228; x_wconf 79' lang='lat' dir='ltr'><strong>’contm</strong></span> <span class='ocrx_word' id='word_1_46' title='bbox 455 1188 491 1229; x_wconf 87' lang='lat' dir='ltr'><strong>sc</strong></span> <span class='ocrx_word' id='word_1_47' title='bbox 514 1177 594 1228; x_wconf 87' lang='lat' dir='ltr'><strong>ratus</strong></span> <span class='ocrx_word' id='word_1_48' title='bbox 617 1176 688 1239; x_wconf 83' lang='lat' dir='ltr'><strong>eret,</strong></span> <span class='ocrx_word' id='word_1_49' title='bbox 711 1186 817 1245; x_wconf 79' lang='lat' dir='ltr'><strong>magne</strong></span> <span class='ocrx_word' id='word_1_50' title='bbox 841 1164 885 1225; x_wconf 73' lang='lat' dir='ltr'><strong>vib</strong></span> <span class='ocrx_word' id='word_1_51' title='bbox 905 1165 1042 1240; x_wconf 64' lang='lat' dir='ltr'><strong>&#39;endere</strong></span> <span class='ocrx_word' id='word_1_52' title='bbox 1065 1165 1222 1228; x_wconf 76' lang='lat' dir='ltr'><strong>‘cohortem</strong></span> 
     </span>
     <span class='ocr_line' id='line_1_8' title="bbox 222 1263 1223 1342; baseline 0 -18"><span class='ocrx_word' id='word_1_53' title='bbox 222 1265 405 1342; x_wconf 75' lang='lat' dir='ltr'><strong>praetoriam</strong></span> <span class='ocrx_word' id='word_1_54' title='bbox 418 1267 449 1324; x_wconf 90' lang='lat' dir='ltr'><strong>in</strong></span> <span class='ocrx_word' id='word_1_55' title='bbox 462 1265 570 1324; x_wconf 87' lang='lat' dir='ltr'><strong>medios</strong></span> <span class='ocrx_word' id='word_1_56' title='bbox 585 1264 680 1322; x_wconf 88' lang='lat' dir='ltr'><strong>hostes</strong></span> <span class='ocrx_word' id='word_1_57' title='bbox 694 1263 812 1335; x_wconf 78' lang='lat' dir='ltr'><strong>inducit,</strong></span> <span class='ocrx_word' id='word_1_58' title='bbox 823 1283 929 1340; x_wconf 90' lang='lat' dir='ltr'><strong>eosque</strong></span> <span class='ocrx_word' id='word_1_59' title='bbox 942 1265 1125 1341; x_wconf 84' lang='lat' dir='ltr'><strong>perturbatos</strong></span> <span class='ocrx_word' id='word_1_60' title='bbox 1135 1274 1223 1340; x_wconf 86' lang='lat' dir='ltr'><strong>etque</strong></span> 
     </span>
     <span class='ocr_line' id='line_1_9' title="bbox 221 1355 1224 1434; baseline -0.001 -15"><span class='ocrx_word' id='word_1_61' title='bbox 221 1359 303 1419; x_wconf 81' lang='lat' dir='ltr'><strong>‘alios</strong></span> <span class='ocrx_word' id='word_1_62' title='bbox 317 1361 395 1420; x_wconf 81' lang='lat' dir='ltr'><strong>alibi</strong></span> <span class='ocrx_word' id='word_1_63' title='bbox 410 1361 575 1420; x_wconf 77' lang='lat' dir='ltr'><strong>resistentes</strong></span> <span class='ocrx_word' id='word_1_64' title='bbox 596 1356 756 1418; x_wconf 89' lang='lat' dir='ltr'><strong>interfecit:</strong></span> <span class='ocrx_word' id='word_1_65' title='bbox 777 1359 881 1418; x_wconf 90' lang='lat' dir='ltr'><strong>deinde</strong></span> <span class='ocrx_word' id='word_1_66' title='bbox 895 1360 1039 1434; x_wconf 86' lang='lat' dir='ltr'><strong>utrimque</strong></span> <span class='ocrx_word' id='word_1_67' title='bbox 1058 1355 1108 1417; x_wconf 81' lang='lat' dir='ltr'><strong>‘ex</strong></span> <span class='ocrx_word' id='word_1_68' title='bbox 1127 1359 1224 1418; x_wconf 82' lang='lat' dir='ltr'><strong>leteri-</strong></span> 
     </span>
     <span class='ocr_line' id='line_1_10' title="bbox 222 1451 1223 1536; baseline -0.002 -20"><span class='ocrx_word' id='word_1_69' title='bbox 222 1461 274 1516; x_wconf 87' lang='lat' dir='ltr'><strong>bus</strong></span> <span class='ocrx_word' id='word_1_70' title='bbox 295 1467 417 1518; x_wconf 88' lang='lat' dir='ltr'><strong>ceteros</strong></span> <span class='ocrx_word' id='word_1_71' title='bbox 438 1457 612 1536; x_wconf 80' lang='lat' dir='ltr'><strong>aggreditur.</strong></span> <span class='ocrx_word' id='word_1_72' title='bbox 659 1453 788 1514; x_wconf 78' lang='lat' dir='ltr'><strong>Mundus</strong></span> <span class='ocrx_word' id='word_1_73' title='bbox 809 1463 840 1514; x_wconf 90' lang='lat' dir='ltr'><strong>et</strong></span> <span class='ocrx_word' id='word_1_74' title='bbox 861 1454 1043 1514; x_wconf 78' lang='lat' dir='ltr'><strong>Faesulanus</strong></span> <span class='ocrx_word' id='word_1_75' title='bbox 1062 1451 1103 1512; x_wconf 70' lang='lat' dir='ltr'><strong>&#39;in</strong></span> <span class='ocrx_word' id='word_1_76' title='bbox 1123 1457 1223 1532; x_wconf 88' lang='lat' dir='ltr'><strong>primis</strong></span> 
     </span>
     <span class='ocr_line' id='line_1_11' title="bbox 223 1550 1262 1632; baseline 0 -20"><span class='ocrx_word' id='word_1_77' title='bbox 223 1563 392 1632; x_wconf 81' lang='lat' dir='ltr'><strong>pugnantes</strong></span> <span class='ocrx_word' id='word_1_78' title='bbox 413 1555 529 1614; x_wconf 79' lang='lat' dir='ltr'><strong>cedunt.</strong></span> <span class='ocrx_word' id='word_1_79' title='bbox 573 1551 698 1612; x_wconf 81' lang='lat' dir='ltr'><strong>Catilius</strong></span> <span class='ocrx_word' id='word_1_80' title='bbox 726 1560 878 1628; x_wconf 83' lang='lat' dir='ltr'><strong>postquam</strong></span> <span class='ocrx_word' id='word_1_81' title='bbox 904 1550 983 1610; x_wconf 79' lang='lat' dir='ltr'><strong>fusus</strong></span> <span class='ocrx_word' id='word_1_82' title='bbox 1009 1552 1106 1628; x_wconf 86' lang='lat' dir='ltr'><strong>copias</strong></span> <span class='ocrx_word' id='word_1_83' title='bbox 1132 1565 1262 1628; x_wconf 80' lang='lat' dir='ltr'><strong>sequere</strong></span> 
     </span>
     <span class='ocr_line' id='line_1_12' title="bbox 223 1649 1223 1729; baseline -0.003 -18"><span class='ocrx_word' id='word_1_84' title='bbox 223 1671 288 1711; x_wconf 89' lang='lat' dir='ltr'><strong>cum</strong></span> <span class='ocrx_word' id='word_1_85' title='bbox 313 1653 422 1729; x_wconf 84' lang='lat' dir='ltr'><strong>paucis</strong></span> <span class='ocrx_word' id='word_1_86' title='bbox 443 1653 574 1712; x_wconf 89' lang='lat' dir='ltr'><strong>relictum</strong></span> <span class='ocrx_word' id='word_1_87' title='bbox 596 1653 683 1724; x_wconf 82' lang='lat' dir='ltr'><strong>videt,</strong></span> <span class='ocrx_word' id='word_1_88' title='bbox 706 1661 818 1710; x_wconf 83' lang='lat' dir='ltr'><strong>memor</strong></span> <span class='ocrx_word' id='word_1_89' title='bbox 839 1649 953 1727; x_wconf 89' lang='lat' dir='ltr'><strong>generis</strong></span> <span class='ocrx_word' id='word_1_90' title='bbox 976 1658 1064 1725; x_wconf 89' lang='lat' dir='ltr'><strong>atque</strong></span> <span class='ocrx_word' id='word_1_91' title='bbox 1086 1649 1223 1726; x_wconf 85' lang='lat' dir='ltr'><strong>pristinae</strong></span> 
     </span>
     <span class='ocr_line' id='line_1_13' title="bbox 223 1745 1223 1826; baseline -0.002 -20"><span class='ocrx_word' id='word_1_92' title='bbox 223 1767 292 1806; x_wconf 86' lang='lat' dir='ltr'><strong>susc</strong></span> <span class='ocrx_word' id='word_1_93' title='bbox 314 1749 479 1826; x_wconf 85' lang='lat' dir='ltr'><strong>dignitatis,</strong></span> <span class='ocrx_word' id='word_1_94' title='bbox 492 1749 523 1806; x_wconf 91' lang='lat' dir='ltr'><strong>in</strong></span> <span class='ocrx_word' id='word_1_95' title='bbox 543 1748 771 1809; x_wconf 78' lang='lat' dir='ltr'><strong>confertissumos</strong></span> <span class='ocrx_word' id='word_1_96' title='bbox 791 1749 887 1806; x_wconf 91' lang='lat' dir='ltr'><strong>hostes</strong></span> <span class='ocrx_word' id='word_1_97' title='bbox 900 1746 1028 1818; x_wconf 89' lang='lat' dir='ltr'><strong>incurrit,</strong></span> <span class='ocrx_word' id='word_1_98' title='bbox 1041 1745 1138 1822; x_wconf 86' lang='lat' dir='ltr'><strong>ibique</strong></span> <span class='ocrx_word' id='word_1_99' title='bbox 1151 1765 1223 1824; x_wconf 89' lang='lat' dir='ltr'><strong>pug-</strong></span> 
     </span>
     <span class='ocr_line' id='line_1_14' title="bbox 224 1845 1052 1906; baseline -0.008 -1"><span class='ocrx_word' id='word_1_100' title='bbox 224 1865 296 1905; x_wconf 88' lang='lat' dir='ltr'><strong>nans</strong></span> <span class='ocrx_word' id='word_1_101' title='bbox 311 1845 489 1906; x_wconf 79' lang='lat' dir='ltr'><strong>confoditur.</strong></span> <span class='ocrx_word' id='word_1_102' title='bbox 1047 1890 1052 1898; x_wconf 87' lang='lat'><strong>.</strong></span> 
     </span>
    </p>

    <p class='ocr_par' dir='ltr' id='par_1_3' title="bbox 224 1929 1261 2310">
     <span class='ocr_line' id='line_1_15' title="bbox 263 1929 1223 2022; baseline -0.001 -22"><span class='ocrx_word' id='word_1_103' title='bbox 263 1941 357 2001; x_wconf 84' lang='lat' dir='ltr'><strong>LXI.</strong></span> <span class='ocrx_word' id='word_1_104' title='bbox 403 1941 471 2015; x_wconf 89' lang='lat' dir='ltr'><strong>Sed,</strong></span> <span class='ocrx_word' id='word_1_105' title='bbox 490 1942 619 2004; x_wconf 87' lang='lat' dir='ltr'><strong>confecto</strong></span> <span class='ocrx_word' id='word_1_106' title='bbox 639 1943 756 2022; x_wconf 90' lang='lat' dir='ltr'><strong>praelio,</strong></span> <span class='ocrx_word' id='word_1_107' title='bbox 777 1951 839 2002; x_wconf 90' lang='lat' dir='ltr'><strong>tum</strong></span> <span class='ocrx_word' id='word_1_108' title='bbox 859 1929 1102 2012; x_wconf 57' lang='lat' dir='ltr'><strong>rem&#39;cerneres:</strong></span> <span class='ocrx_word' id='word_1_109' title='bbox 1115 1949 1223 2016; x_wconf 84' lang='lat' dir='ltr'><strong>quante</strong></span> 
     </span>
     <span class='ocr_line' id='line_1_16' title="bbox 224 2035 1261 2116; baseline 0.002 -20"><span class='ocrx_word' id='word_1_110' title='bbox 224 2039 349 2098; x_wconf 77' lang='lat' dir='ltr'><strong>sudaria</strong></span> <span class='ocrx_word' id='word_1_111' title='bbox 374 2047 541 2116; x_wconf 87' lang='lat' dir='ltr'><strong>quantaque</strong></span> <span class='ocrx_word' id='word_1_112' title='bbox 565 2039 609 2098; x_wconf 84' lang='lat' dir='ltr'><strong>vis</strong></span> <span class='ocrx_word' id='word_1_113' title='bbox 634 2039 724 2098; x_wconf 87' lang='lat' dir='ltr'><strong>enimi</strong></span> <span class='ocrx_word' id='word_1_114' title='bbox 747 2038 848 2097; x_wconf 87' lang='lat' dir='ltr'><strong>fuisset</strong></span> <span class='ocrx_word' id='word_1_115' title='bbox 871 2039 902 2096; x_wconf 91' lang='lat' dir='ltr'><strong>in</strong></span> <span class='ocrx_word' id='word_1_116' title='bbox 923 2037 1054 2096; x_wconf 88' lang='lat' dir='ltr'><strong>exercitu</strong></span> <span class='ocrx_word' id='word_1_117' title='bbox 1069 2035 1221 2096; x_wconf 74' lang='lat' dir='ltr'><strong>Catilinae.</strong></span> <span class='ocrx_word' id='word_1_118' title='bbox 1230 2051 1261 2098; x_wconf 78' lang='lat' dir='ltr'><strong>lt</strong></span> 
     </span>
     <span class='ocr_line' id='line_1_17' title="bbox 225 2129 1222 2214; baseline -0.002 -21"><span class='ocrx_word' id='word_1_119' title='bbox 225 2133 304 2194; x_wconf 85' lang='lat' dir='ltr'><strong>Nam</strong></span> <span class='ocrx_word' id='word_1_120' title='bbox 325 2135 393 2196; x_wconf 89' lang='lat' dir='ltr'><strong>fere</strong></span> <span class='ocrx_word' id='word_1_121' title='bbox 414 2155 500 2214; x_wconf 89' lang='lat' dir='ltr'><strong>quem</strong></span> <span class='ocrx_word' id='word_1_122' title='bbox 527 2137 650 2214; x_wconf 88' lang='lat' dir='ltr'><strong>quisque</strong></span> <span class='ocrx_word' id='word_1_123' title='bbox 678 2137 760 2194; x_wconf 86' lang='lat' dir='ltr'><strong>vivus</strong></span> <span class='ocrx_word' id='word_1_124' title='bbox 787 2135 942 2214; x_wconf 86' lang='lat' dir='ltr'><strong>pugnando</strong></span> <span class='ocrx_word' id='word_1_125' title='bbox 969 2129 1077 2192; x_wconf 75' lang='lat' dir='ltr'><strong>locutub</strong></span> <span class='ocrx_word' id='word_1_126' title='bbox 1097 2142 1222 2210; x_wconf 86' lang='lat' dir='ltr'><strong>ceperst,</strong></span> 
     </span>
     <span class='ocr_line' id='line_1_18' title="bbox 227 2226 1222 2310; baseline -0.003 -18"><span class='ocrx_word' id='word_1_127' title='bbox 227 2228 316 2302; x_wconf 77' lang='lat' dir='ltr'><strong>eum,b</strong></span> <span class='ocrx_word' id='word_1_128' title='bbox 336 2233 447 2292; x_wconf 87' lang='lat' dir='ltr'><strong>amissa</strong></span> <span class='ocrx_word' id='word_1_129' title='bbox 466 2232 570 2304; x_wconf 80' lang='lat' dir='ltr'><strong>anime,</strong></span> <span class='ocrx_word' id='word_1_130' title='bbox 591 2250 708 2310; x_wconf 89' lang='lat' dir='ltr'><strong>corpore</strong></span> <span class='ocrx_word' id='word_1_131' title='bbox 730 2232 854 2308; x_wconf 84' lang='lat' dir='ltr'><strong>tegebat.</strong></span> <span class='ocrx_word' id='word_1_132' title='bbox 897 2229 991 2289; x_wconf 84' lang='lat' dir='ltr'><strong>Pauci</strong></span> <span class='ocrx_word' id='word_1_133' title='bbox 1013 2237 1118 2301; x_wconf 88' lang='lat' dir='ltr'><strong>sutem,</strong></span> <span class='ocrx_word' id='word_1_134' title='bbox 1140 2226 1222 2306; x_wconf 87' lang='lat' dir='ltr'><strong>¹quos</strong></span> 
     </span>
    </p>
   </div>
   <div class='ocr_carea' id='block_1_3' title="bbox 124 2325 1222 2418">
    <p class='ocr_par' dir='ltr' id='par_1_4' title="bbox 124 2325 1222 2418">
     <span class='ocr_line' id='line_1_19' title="bbox 124 2325 1222 2418; baseline 0.006 -35"><span class='ocrx_word' id='word_1_135' title='bbox 124 2409 127 2418; x_wconf 33' lang='lat'><strong>,</strong></span> <span class='ocrx_word' id='word_1_136' title='bbox 226 2327 336 2387; x_wconf 87' lang='lat' dir='ltr'><strong>medios</strong></span> <span class='ocrx_word' id='word_1_137' title='bbox 375 2329 474 2388; x_wconf 87' lang='lat' dir='ltr'><strong>cohors</strong></span> <span class='ocrx_word' id='word_1_138' title='bbox 502 2329 646 2406; x_wconf 85' lang='lat' dir='ltr'><strong>praetoria</strong></span> <span class='ocrx_word' id='word_1_139' title='bbox 673 2327 832 2404; x_wconf 86' lang='lat' dir='ltr'><strong>disjecerat,</strong></span> <span class='ocrx_word' id='word_1_140' title='bbox 858 2325 966 2406; x_wconf 77' lang='lat' dir='ltr'><strong>&#39;paullo</strong></span> <span class='ocrx_word' id='word_1_141' title='bbox 991 2330 1143 2403; x_wconf 86' lang='lat' dir='ltr'><strong>diversius,</strong></span> <span class='ocrx_word' id='word_1_142' title='bbox 1170 2329 1222 2390; x_wconf 89' lang='lat' dir='ltr'><strong>sed</strong></span> 
     </span>
    </p>
   </div>
   <div class='ocr_carea' id='block_1_4' title="bbox 227 2422 1260 3756">
    <p class='ocr_par' dir='ltr' id='par_1_5' title="bbox 227 2422 1260 3756">
     <span class='ocr_line' id='line_1_20' title="bbox 227 2422 1221 2485; baseline 0.005 -5"><span class='ocrx_word' id='word_1_143' title='bbox 227 2441 326 2481; x_wconf 87' lang='lat' dir='ltr'><strong>omnes</strong></span> <span class='ocrx_word' id='word_1_144' title='bbox 340 2432 440 2481; x_wconf 82' lang='lat' dir='ltr'><strong>temen</strong></span> <span class='ocrx_word' id='word_1_145' title='bbox 461 2423 589 2482; x_wconf 85' lang='lat' dir='ltr'><strong>adversis</strong></span> <span class='ocrx_word' id='word_1_146' title='bbox 603 2422 766 2482; x_wconf 89' lang='lat' dir='ltr'><strong>volneribus</strong></span> <span class='ocrx_word' id='word_1_147' title='bbox 780 2423 970 2482; x_wconf 81' lang='lat' dir='ltr'><strong>conciderant.</strong></span> <span class='ocrx_word' id='word_1_148' title='bbox 1012 2422 1138 2484; x_wconf 81' lang='lat' dir='ltr'><strong>Catilius</strong></span> <span class='ocrx_word' id='word_1_149' title='bbox 1150 2444 1221 2485; x_wconf 83' lang='lat' dir='ltr'><strong>vem</strong></span> 
     </span>
     <span class='ocr_line' id='line_1_21' title="bbox 227 2517 1260 2600; baseline 0.006 -24"><span class='ocrx_word' id='word_1_150' title='bbox 227 2517 312 2596; x_wconf 82' lang='lat' dir='ltr'><strong>longe</strong></span> <span class='ocrx_word' id='word_1_151' title='bbox 334 2539 354 2578; x_wconf 85' lang='lat' dir='ltr'><strong>a</strong></span> <span class='ocrx_word' id='word_1_152' title='bbox 376 2521 437 2579; x_wconf 87' lang='lat' dir='ltr'><strong>suis</strong></span> <span class='ocrx_word' id='word_1_153' title='bbox 454 2519 529 2578; x_wconf 88' lang='lat' dir='ltr'><strong>inter</strong></span> <span class='ocrx_word' id='word_1_154' title='bbox 549 2520 671 2578; x_wconf 85' lang='lat' dir='ltr'><strong>boetium</strong></span> <span class='ocrx_word' id='word_1_155' title='bbox 693 2520 835 2578; x_wconf 84' lang='lat' dir='ltr'><strong>cadavera</strong></span> <span class='ocrx_word' id='word_1_156' title='bbox 859 2531 991 2598; x_wconf 87' lang='lat' dir='ltr'><strong>repertus</strong></span> <span class='ocrx_word' id='word_1_157' title='bbox 1011 2531 1063 2596; x_wconf 82' lang='lat' dir='ltr'><strong>est,</strong></span> <span class='ocrx_word' id='word_1_158' title='bbox 1089 2522 1260 2600; x_wconf 75' lang='lat' dir='ltr'><strong>paullum]</strong></span> 
     </span>
     <span class='ocr_line' id='line_1_22' title="bbox 228 2611 1220 2694; baseline 0.005 -20"><span class='ocrx_word' id='word_1_159' title='bbox 228 2611 325 2676; x_wconf 80' lang='lat' dir='ltr'><strong>&#39;etism</strong></span> <span class='ocrx_word' id='word_1_160' title='bbox 347 2617 470 2694; x_wconf 81' lang='lat' dir='ltr'><strong>spiram,</strong></span> <span class='ocrx_word' id='word_1_161' title='bbox 490 2617 681 2694; x_wconf 85' lang='lat' dir='ltr'><strong>ferociamque</strong></span> <span class='ocrx_word' id='word_1_162' title='bbox 702 2617 798 2688; x_wconf 85' lang='lat' dir='ltr'><strong>enimi,</strong></span> <span class='ocrx_word' id='word_1_163' title='bbox 820 2637 907 2694; x_wconf 88' lang='lat' dir='ltr'><strong>quam</strong></span> <span class='ocrx_word' id='word_1_164' title='bbox 929 2619 1069 2680; x_wconf 79' lang='lat' dir='ltr'><strong>habuerat</strong></span> <span class='ocrx_word' id='word_1_165' title='bbox 1082 2620 1177 2692; x_wconf 85' lang='lat' dir='ltr'><strong>vivus,</strong></span> <span class='ocrx_word' id='word_1_166' title='bbox 1189 2621 1220 2679; x_wconf 91' lang='lat' dir='ltr'><strong>in</strong></span> 
     </span>
     <span class='ocr_line' id='line_1_23' title="bbox 229 2713 1220 2796; baseline 0.005 -25"><span class='ocrx_word' id='word_1_167' title='bbox 229 2713 307 2772; x_wconf 78' lang='lat' dir='ltr'><strong>voltu</strong></span> <span class='ocrx_word' id='word_1_168' title='bbox 321 2715 459 2774; x_wconf 88' lang='lat' dir='ltr'><strong>retinens.</strong></span> <span class='ocrx_word' id='word_1_169' title='bbox 502 2713 654 2774; x_wconf 89' lang='lat' dir='ltr'><strong>Postremo</strong></span> <span class='ocrx_word' id='word_1_170' title='bbox 674 2735 713 2775; x_wconf 82' lang='lat' dir='ltr'><strong>ex</strong></span> <span class='ocrx_word' id='word_1_171' title='bbox 733 2717 810 2776; x_wconf 90' lang='lat' dir='ltr'><strong>omni</strong></span> <span class='ocrx_word' id='word_1_172' title='bbox 833 2719 925 2796; x_wconf 86' lang='lat' dir='ltr'><strong>copia,</strong></span> <span class='ocrx_word' id='word_1_173' title='bbox 946 2737 1039 2796; x_wconf 88' lang='lat' dir='ltr'><strong>neque</strong></span> <span class='ocrx_word' id='word_1_174' title='bbox 1059 2718 1091 2776; x_wconf 90' lang='lat' dir='ltr'><strong>in</strong></span> <span class='ocrx_word' id='word_1_175' title='bbox 1110 2717 1220 2794; x_wconf 78' lang='lat' dir='ltr'><strong>praelio</strong></span> 
     </span>
     <span class='ocr_line' id='line_1_24' title="bbox 230 2809 1220 2892; baseline 0.006 -26"><span class='ocrx_word' id='word_1_176' title='bbox 230 2828 323 2886; x_wconf 90' lang='lat' dir='ltr'><strong>neque</strong></span> <span class='ocrx_word' id='word_1_177' title='bbox 337 2812 369 2868; x_wconf 92' lang='lat' dir='ltr'><strong>in</strong></span> <span class='ocrx_word' id='word_1_178' title='bbox 390 2809 459 2889; x_wconf 83' lang='lat' dir='ltr'><strong>fuge</strong></span> <span class='ocrx_word' id='word_1_179' title='bbox 472 2811 622 2888; x_wconf 91' lang='lat' dir='ltr'><strong>quisquam</strong></span> <span class='ocrx_word' id='word_1_180' title='bbox 636 2812 707 2872; x_wconf 77' lang='lat' dir='ltr'><strong>civis</strong></span> <span class='ocrx_word' id='word_1_181' title='bbox 721 2815 862 2892; x_wconf 85' lang='lat' dir='ltr'><strong>ingenuus</strong></span> <span class='ocrx_word' id='word_1_182' title='bbox 876 2823 976 2892; x_wconf 87' lang='lat' dir='ltr'><strong>captus</strong></span> <span class='ocrx_word' id='word_1_183' title='bbox 990 2823 1051 2872; x_wconf 87' lang='lat' dir='ltr'><strong>est:</strong></span> <span class='ocrx_word' id='word_1_184' title='bbox 1071 2814 1113 2872; x_wconf 74' lang='lat' dir='ltr'><strong>ite</strong></span> <span class='ocrx_word' id='word_1_185' title='bbox 1125 2812 1220 2872; x_wconf 84' lang='lat' dir='ltr'><strong>cuncti</strong></span> 
     </span>
     <span class='ocr_line' id='line_1_25' title="bbox 231 2905 1221 2988; baseline 0.005 -26"><span class='ocrx_word' id='word_1_186' title='bbox 231 2924 298 2964; x_wconf 86' lang='lat' dir='ltr'><strong>susc</strong></span> <span class='ocrx_word' id='word_1_187' title='bbox 311 2907 496 2983; x_wconf 86' lang='lat' dir='ltr'><strong>boetiumque</strong></span> <span class='ocrx_word' id='word_1_188' title='bbox 510 2907 586 2966; x_wconf 75' lang='lat' dir='ltr'><strong>ritae</strong></span> <span class='ocrx_word' id='word_1_189' title='bbox 600 2905 693 2984; x_wconf 80' lang='lat' dir='ltr'><strong>‘juxta</strong></span> <span class='ocrx_word' id='word_1_190' title='bbox 706 2921 904 2988; x_wconf 85' lang='lat' dir='ltr'><strong>pepercerant</strong></span> <span class='ocrx_word' id='word_1_191' title='bbox 944 2910 1049 2986; x_wconf 87' lang='lat' dir='ltr'><strong>Neque</strong></span> <span class='ocrx_word' id='word_1_192' title='bbox 1062 2918 1159 2968; x_wconf 87' lang='lat' dir='ltr'><strong>tamen</strong></span> <span class='ocrx_word' id='word_1_193' title='bbox 1169 2927 1221 2966; x_wconf 86' lang='lat' dir='ltr'><strong>ex·</strong></span> 
     </span>
     <span class='ocr_line' id='line_1_26' title="bbox 232 3001 1258 3084; baseline 0.004 -24"><span class='ocrx_word' id='word_1_194' title='bbox 232 3002 335 3060; x_wconf 84' lang='lat' dir='ltr'><strong>ercitus</strong></span> <span class='ocrx_word' id='word_1_195' title='bbox 350 3003 449 3080; x_wconf 89' lang='lat' dir='ltr'><strong>populi</strong></span> <span class='ocrx_word' id='word_1_196' title='bbox 465 3001 588 3062; x_wconf 84' lang='lat' dir='ltr'><strong>Romani</strong></span> <span class='ocrx_word' id='word_1_197' title='bbox 601 3004 708 3064; x_wconf 80' lang='lat' dir='ltr'><strong>laetam</strong></span> <span class='ocrx_word' id='word_1_198' title='bbox 721 3015 772 3064; x_wconf 85' lang='lat' dir='ltr'><strong>sut</strong></span> <span class='ocrx_word' id='word_1_199' title='bbox 785 3007 964 3066; x_wconf 79' lang='lat' dir='ltr'><strong>incruentam</strong></span> <span class='ocrx_word' id='word_1_200' title='bbox 972 3005 1122 3084; x_wconf 79' lang='lat' dir='ltr'><strong>victoriam</strong></span> <span class='ocrx_word' id='word_1_201' title='bbox 1132 3003 1219 3081; x_wconf 86' lang='lat' dir='ltr'><strong>sdep·</strong></span> <span class='ocrx_word' id='word_1_202' title='bbox 1227 3017 1258 3064; x_wconf 79' lang='lat' dir='ltr'><strong>tc</strong></span> 
     </span>
     <span class='ocr_line' id='line_1_27' title="bbox 232 3095 1219 3180; baseline 0.008 -26"><span class='ocrx_word' id='word_1_203' title='bbox 232 3107 276 3156; x_wconf 88' lang='lat' dir='ltr'><strong>tus</strong></span> <span class='ocrx_word' id='word_1_204' title='bbox 289 3110 371 3170; x_wconf 76' lang='lat' dir='ltr'><strong>erst3</strong></span> <span class='ocrx_word' id='word_1_205' title='bbox 384 3117 451 3158; x_wconf 90' lang='lat' dir='ltr'><strong>nam</strong></span> <span class='ocrx_word' id='word_1_206' title='bbox 461 3095 694 3160; x_wconf 73' lang='lat' dir='ltr'><strong>‘strenuissumus</strong></span> <span class='ocrx_word' id='word_1_207' title='bbox 710 3103 832 3180; x_wconf 88' lang='lat' dir='ltr'><strong>quisque</strong></span> <span class='ocrx_word' id='word_1_208' title='bbox 842 3113 893 3161; x_wconf 83' lang='lat' dir='ltr'><strong>sut</strong></span> <span class='ocrx_word' id='word_1_209' title='bbox 904 3102 1047 3162; x_wconf 86' lang='lat' dir='ltr'><strong>occideret</strong></span> <span class='ocrx_word' id='word_1_210' title='bbox 1057 3102 1088 3160; x_wconf 91' lang='lat' dir='ltr'><strong>in</strong></span> <span class='ocrx_word' id='word_1_211' title='bbox 1101 3101 1219 3178; x_wconf 72' lang='lat' dir='ltr'><strong>praelio,</strong></span> 
     </span>
     <span class='ocr_line' id='line_1_28' title="bbox 233 3197 1219 3274; baseline 0.004 -21"><span class='ocrx_word' id='word_1_212' title='bbox 233 3205 281 3254; x_wconf 86' lang='lat' dir='ltr'><strong>sut</strong></span> <span class='ocrx_word' id='word_1_213' title='bbox 306 3198 437 3273; x_wconf 68' lang='lat' dir='ltr'><strong>graviter</strong></span> <span class='ocrx_word' id='word_1_214' title='bbox 463 3197 626 3258; x_wconf 77' lang='lat' dir='ltr'><strong>volneratus</strong></span> <span class='ocrx_word' id='word_1_215' title='bbox 656 3199 834 3260; x_wconf 79' lang='lat' dir='ltr'><strong>discesserat.</strong></span> <span class='ocrx_word' id='word_1_216' title='bbox 875 3199 964 3258; x_wconf 86' lang='lat' dir='ltr'><strong>Multi</strong></span> <span class='ocrx_word' id='word_1_217' title='bbox 988 3209 1093 3272; x_wconf 87' lang='lat' dir='ltr'><strong>sutem,</strong></span> <span class='ocrx_word' id='word_1_218' title='bbox 1107 3199 1157 3274; x_wconf 88' lang='lat' dir='ltr'><strong>qui</strong></span> <span class='ocrx_word' id='word_1_219' title='bbox 1182 3198 1219 3257; x_wconf 92' lang='lat' dir='ltr'><strong>de</strong></span> 
     </span>
     <span class='ocr_line' id='line_1_29' title="bbox 233 3293 1219 3373; baseline 0.004 -23"><span class='ocrx_word' id='word_1_220' title='bbox 233 3293 332 3351; x_wconf 81' lang='lat' dir='ltr'><strong>castris</strong></span> <span class='ocrx_word' id='word_1_221' title='bbox 356 3293 468 3352; x_wconf 84' lang='lat' dir='ltr'><strong>visundi</strong></span> <span class='ocrx_word' id='word_1_222' title='bbox 488 3303 538 3352; x_wconf 88' lang='lat' dir='ltr'><strong>sut</strong></span> <span class='ocrx_word' id='word_1_223' title='bbox 558 3296 699 3372; x_wconf 84' lang='lat' dir='ltr'><strong>spoliandi</strong></span> <span class='ocrx_word' id='word_1_224' title='bbox 721 3297 816 3373; x_wconf 84' lang='lat' dir='ltr'><strong>gretia</strong></span> <span class='ocrx_word' id='word_1_225' title='bbox 843 3306 1047 3372; x_wconf 84' lang='lat' dir='ltr'><strong>processerant,</strong></span> <span class='ocrx_word' id='word_1_226' title='bbox 1070 3296 1219 3354; x_wconf 86' lang='lat' dir='ltr'><strong>volventes</strong></span> 
     </span>
     <span class='ocr_line' id='line_1_30' title="bbox 235 3385 1219 3468; baseline 0.007 -25"><span class='ocrx_word' id='word_1_227' title='bbox 235 3385 346 3448; x_wconf 89' lang='lat' dir='ltr'><strong>hostilia</strong></span> <span class='ocrx_word' id='word_1_228' title='bbox 365 3389 515 3462; x_wconf 77' lang='lat' dir='ltr'><strong>cadevera,</strong></span> <span class='ocrx_word' id='word_1_229' title='bbox 529 3391 652 3450; x_wconf 89' lang='lat' dir='ltr'><strong>amicum</strong></span> <span class='ocrx_word' id='word_1_230' title='bbox 667 3392 736 3464; x_wconf 75' lang='lat' dir='ltr'><strong>elii,⁰</strong></span> <span class='ocrx_word' id='word_1_231' title='bbox 756 3395 835 3468; x_wconf 74' lang='lat' dir='ltr'><strong>pars⁸</strong></span> <span class='ocrx_word' id='word_1_232' title='bbox 848 3391 989 3468; x_wconf 86' lang='lat' dir='ltr'><strong>hospitem</strong></span> <span class='ocrx_word' id='word_1_233' title='bbox 1005 3401 1055 3450; x_wconf 87' lang='lat' dir='ltr'><strong>aut</strong></span> <span class='ocrx_word' id='word_1_234' title='bbox 1068 3398 1219 3468; x_wconf 77' lang='lat' dir='ltr'><strong>cognatum</strong></span> 
     </span>
     <span class='ocr_line' id='line_1_31' title="bbox 234 3483 1259 3564; baseline 0.007 -23"><span class='ocrx_word' id='word_1_235' title='bbox 234 3486 429 3560; x_wconf 83' lang='lat' dir='ltr'><strong>reperiebant:</strong></span> <span class='ocrx_word' id='word_1_236' title='bbox 449 3483 532 3546; x_wconf 87' lang='lat' dir='ltr'><strong>fuere</strong></span> <span class='ocrx_word' id='word_1_237' title='bbox 543 3487 620 3559; x_wconf 84' lang='lat' dir='ltr'><strong>item,</strong></span> <span class='ocrx_word' id='word_1_238' title='bbox 632 3487 682 3564; x_wconf 90' lang='lat' dir='ltr'><strong>qui</strong></span> <span class='ocrx_word' id='word_1_239' title='bbox 696 3489 825 3547; x_wconf 88' lang='lat' dir='ltr'><strong>inimicos</strong></span> <span class='ocrx_word' id='word_1_240' title='bbox 844 3507 909 3546; x_wconf 86' lang='lat' dir='ltr'><strong>suos</strong></span> <span class='ocrx_word' id='word_1_241' title='bbox 928 3497 1137 3564; x_wconf 85' lang='lat' dir='ltr'><strong>cognoscerent</strong></span> <span class='ocrx_word' id='word_1_242' title='bbox 1171 3486 1259 3548; x_wconf 78' lang='lat' dir='ltr'><strong>Itaet</strong></span> 
     </span>
     <span class='ocr_line' id='line_1_32' title="bbox 236 3580 1219 3659; baseline 0.008 -25"><span class='ocrx_word' id='word_1_243' title='bbox 236 3582 313 3642; x_wconf 83' lang='lat' dir='ltr'><strong>varie</strong></span> <span class='ocrx_word' id='word_1_244' title='bbox 334 3599 387 3659; x_wconf 90' lang='lat' dir='ltr'><strong>per</strong></span> <span class='ocrx_word' id='word_1_245' title='bbox 410 3601 524 3642; x_wconf 87' lang='lat' dir='ltr'><strong>omnem</strong></span> <span class='ocrx_word' id='word_1_246' title='bbox 547 3583 707 3644; x_wconf 86' lang='lat' dir='ltr'><strong>exercitum</strong></span> <span class='ocrx_word' id='word_1_247' title='bbox 730 3580 859 3656; x_wconf 65' lang='lat' dir='ltr'><strong>“laetitia</strong></span> <span class='ocrx_word' id='word_1_248' title='bbox 879 3602 1000 3656; x_wconf 87' lang='lat' dir='ltr'><strong>moeror,</strong></span> <span class='ocrx_word' id='word_1_249' title='bbox 1020 3585 1113 3643; x_wconf 84' lang='lat' dir='ltr'><strong>luctus</strong></span> <span class='ocrx_word' id='word_1_250' title='bbox 1131 3591 1219 3659; x_wconf 83' lang='lat' dir='ltr'><strong>etque</strong></span> 
     </span>
     <span class='ocr_line' id='line_1_33' title="bbox 235 3677 540 3756; baseline 0.007 -20"><span class='ocrx_word' id='word_1_251' title='bbox 235 3677 338 3751; x_wconf 80' lang='lat' dir='ltr'><strong>gaudia</strong></span> <span class='ocrx_word' id='word_1_252' title='bbox 350 3679 540 3756; x_wconf 75' lang='lat' dir='ltr'><strong>agitabantur.</strong></span> 
     </span>
    </p>
   </div>
   <div class='ocr_carea' id='block_1_5' title="bbox 261 3917 1040 4222">
    <p class='ocr_par' dir='ltr' id='par_1_6' title="bbox 261 3917 727 3982">
     <span class='ocr_line' id='line_1_34' title="bbox 261 3917 727 3982; baseline -0.013 -8"><span class='ocrx_word' id='word_1_253' title='bbox 261 3917 408 3974; x_wconf 81' lang='lat' dir='ltr'><strong>H.-1.x.</strong></span> <span class='ocrx_word' id='word_1_254' title='bbox 440 3919 727 3982; x_wconf 69' lang='lat' dir='ltr'><strong>·s⁴s,1.-⁸41⁴sa.</strong></span> 
     </span>
    </p>

    <p class='ocr_par' dir='ltr' id='par_1_7' title="bbox 261 3993 828 4138">
     <span class='ocr_line' id='line_1_35' title="bbox 261 3993 814 4060; baseline -0.004 -10"><span class='ocrx_word' id='word_1_255' title='bbox 261 3997 331 4050; x_wconf 83' lang='lat' dir='ltr'><strong>th.</strong></span> <span class='ocrx_word' id='word_1_256' title='bbox 364 4003 439 4060; x_wconf 74' lang='lat'><strong>⁸⁴⁸⁶,</strong></span> <span class='ocrx_word' id='word_1_257' title='bbox 450 4007 473 4049; x_wconf 79' lang='lat'><strong>⁴.</strong></span> <span class='ocrx_word' id='word_1_258' title='bbox 481 4025 513 4038; x_wconf 88' lang='lat'>-</span> <span class='ocrx_word' id='word_1_259' title='bbox 521 3999 533 4030; x_wconf 73' lang='lat'>⁸</span> <span class='ocrx_word' id='word_1_260' title='bbox 541 3997 576 4048; x_wconf 87' lang='lat' dir='ltr'><strong>v.</strong></span> <span class='ocrx_word' id='word_1_261' title='bbox 587 3997 622 4048; x_wconf 77' lang='lat' dir='ltr'><strong>A.</strong></span> <span class='ocrx_word' id='word_1_262' title='bbox 634 3998 656 4047; x_wconf 78' lang='lat' dir='ltr'><strong>e</strong></span> <span class='ocrx_word' id='word_1_263' title='bbox 668 3997 694 4048; x_wconf 85' lang='lat' dir='ltr'><strong>s.</strong></span> <span class='ocrx_word' id='word_1_264' title='bbox 702 4023 734 4036; x_wconf 88' lang='lat'>-</span> <span class='ocrx_word' id='word_1_265' title='bbox 742 3993 814 4048; x_wconf 67' lang='lat' dir='ltr'><strong>‘sea</strong></span> 
     </span>
     <span class='ocr_line' id='line_1_36' title="bbox 263 4075 828 4138; baseline -0.014 -5"><span class='ocrx_word' id='word_1_266' title='bbox 263 4075 489 4132; x_wconf 58' lang='lat' dir='ltr'><strong>mecm-Lx</strong></span> <span class='ocrx_word' id='word_1_267' title='bbox 522 4077 828 4138; x_wconf 65' lang='lat' dir='ltr'><strong>moestu-*scta</strong></span> 
     </span>
    </p>

    <p class='ocr_par' dir='ltr' id='par_1_8' title="bbox 264 4155 1040 4222">
     <span class='ocr_line' id='line_1_37' title="bbox 264 4155 1040 4222; baseline 0 -16"><span class='ocrx_word' id='word_1_268' title='bbox 264 4157 332 4209; x_wconf 80' lang='lat' dir='ltr'><strong>m</strong></span> <span class='ocrx_word' id='word_1_269' title='bbox 364 4162 438 4220; x_wconf 67' lang='lat' dir='ltr'><strong>mos,</strong></span> <span class='ocrx_word' id='word_1_270' title='bbox 449 4157 481 4208; x_wconf 81' lang='lat' dir='ltr'><strong>tt.</strong></span> <span class='ocrx_word' id='word_1_271' title='bbox 494 4159 518 4220; x_wconf 80' lang='lat'><strong>7,</strong></span> <span class='ocrx_word' id='word_1_272' title='bbox 532 4157 700 4222; x_wconf 67' lang='lat' dir='ltr'><strong>(at-*soc</strong></span> <span class='ocrx_word' id='word_1_273' title='bbox 715 4155 763 4220; x_wconf 80' lang='lat' dir='ltr'><strong>(s),</strong></span> <span class='ocrx_word' id='word_1_274' title='bbox 776 4155 947 4220; x_wconf 65' lang='lat' dir='ltr'><strong>(sp-mot,</strong></span> <span class='ocrx_word' id='word_1_275' title='bbox 958 4155 991 4206; x_wconf 77' lang='lat' dir='ltr'><strong>lt</strong></span> <span class='ocrx_word' id='word_1_276' title='bbox 1003 4159 1040 4206; x_wconf 84' lang='lat' dir='ltr'><strong>ru</strong></span> 
     </span>
    </p>
   </div>
   <div class='ocr_carea' id='block_1_6' title="bbox 0 0 1687 4984">
    <p class='ocr_par' dir='ltr' id='par_1_9' title="bbox 0 0 1687 4984">
     <span class='ocr_line' id='line_1_38' title="bbox 0 0 1687 4984; baseline 0 0"><span class='ocrx_word' id='word_1_277' title='bbox 0 0 1687 4984; x_wconf 95' lang='lat' dir='ltr'><strong> </strong></span> 
     </span>
    </p>
   </div>
  </div>
 </body>
</html>
