3317 4984
660 534 694 577 rr.
715 532 845 579 careus
1206 516 1264 577 315

188 716 209 756 a
232 694 357 755 finibus
385 714 466 757 esse
497 695 622 770 Ciliciae,
646 714 732 774 quam
760 697 840 774 potui
862 698 998 756 maximis
1020 695 1174 755 itineribus
1189 696 1227 755 ad

189 794 358 854 Amanum
371 796 555 854 exercitum
569 792 649 853 duxi.
691 791 756 867 Quo
767 802 799 851 ut
809 794 885 866 veui,
898 794 1008 851 hostem
1018 794 1055 851 ab
1065 792 1227 851 Antiochea

189 890 372 963 recessisse,
402 887 570 951 'Bibulum
595 888 774 947 Antiocheae
799 906 863 947 esse
885 890 1025 966 cognovi:
1056 887 1226 947 Deiotarum

191 986 361 1049 confestim
385 986 466 1065 jam
489 989 525 1047 ad
545 1004 592 1045 me
607 986 768 1044 venientem
782 1003 847 1044 cum
860 1002 966 1061 magno
978 994 1008 1043 et
1020 985 1104 1042 firmo
1117 984 1226 1060 equita·

191 1094 225 1142 tu
240 1093 274 1143 et
295 1084 454 1160 peditatu
480 1092 510 1143 et
529 1100 594 1141 cum
607 1081 739 1141 omnihus
760 1080 819 1139 suis
833 1078 922 1156 copiis
935 1080 1085 1138 certiorem
1100 1078 1157 1137 feei
1168 1098 1225 1138 non
1248 1092 1264 1140 t

194 1180 298 1239 videri
325 1199 402 1240 asse
430 1198 563 1252 causam,
587 1196 638 1239 cur
661 1176 774 1235 abesset
797 1194 931 1253 aragne,
944 1194 1049 1251 meque
1062 1175 1100 1233 ad
1113 1176 1226 1247 eum,si

196 1277 273 1352 quid
287 1278 368 1335 nori
383 1278 474 1338 forte
485 1276 641 1347 accidisset,
655 1272 752 1331 statim
765 1271 875 1330 litteras
888 1272 1059 1347 nuntiosque
1072 1271 1226 1329 missurum

200 1391 278 1433 asse.
323 1374 357 1431 8.
383 1373 552 1451 Quumque
567 1392 601 1433 eo
614 1370 710 1430 animo
720 1363 874 1439 venissem,
884 1375 916 1425 nt
925 1368 1039 1443 utrique
1053 1367 1226 1443 provinciae,

200 1470 227 1527 si
249 1470 295 1528 ita
320 1478 460 1547 tempus
480 1472 576 1543 ferret,
590 1465 782 1536 subvenirem,
795 1472 857 1521 tum
870 1463 909 1534 id,
922 1462 999 1537 quod
1015 1460 1077 1537 jam
1089 1470 1226 1519 anwsta·

202 1572 326 1623 tueram
357 1567 562 1627 vehementer
588 1566 726 1624 interesse
753 1559 902 1635 utriusque
922 1558 1094 1634 provinciae,
1119 1567 1265 1633 pacarem

205 1660 371 1720 Amanum
395 1672 432 1721 et
452 1672 623 1741 perpetuum
641 1662 753 1719 hostem
774 1675 813 1717 ex
834 1672 869 1714 eo
889 1663 986 1712 monte
1009 1652 1118 1723 tollere,
1137 1670 1225 1729 agere

208 1758 346 1835 perrexi
397 1758 561 1835 Quumque
581 1776 628 1817 me
648 1756 795 1817 discedere
815 1755 854 1813 ab
874 1770 909 1811 eo
928 1758 1025 1809 monte
1045 1748 1225 1808 simulassem

209 1864 240 1915 et
264 1855 348 1915 alias
373 1866 479 1933 partes
503 1854 621 1915 Ciliciae
643 1864 749 1931 petere,
773 1854 963 1925 abessemque
983 1848 1021 1907 ab
1042 1846 1158 1904 Amano
1170 1845 1227 1904 iter

212 1950 303 2009 unius
328 1951 409 2022 diei,
428 1962 459 2010 et
478 1962 572 2010 castra
592 1948 669 2026 apud
683 1948 885 2025 Epiphaneam
899 1944 1040 2014 fecissem,
1053 1942 1128 2000 a‘d
1147 1939 1225 1998 1111.

214 2044 288 2103 Idus
310 2044 476 2119 Octobres,
489 2065 578 2122 quum
597 2046 859 2121 advesperasceret,
879 2040 1015 2117 expedito
1035 2038 1164 2097 exercitu
1184 2037 1226 2097 ita
1235 2050 1265 2097 15

217 2150 307 2199 noctu
329 2142 395 2200 iter
417 2141 482 2213 feci,
501 2150 533 2199 ut
552 2160 578 2199 a.
599 2141 626 2198 d.
646 2139 705 2197 III.
719 2138 789 2197 Idus
803 2136 951 2209 Octobres,
965 2154 1055 2213 quum
1067 2135 1226 2207 lucisceret,

218 2237 250 2294 in
263 2236 430 2296 Amanum
444 2238 635 2307 ascenderem,
649 2236 864 2311 distributisque
878 2234 1041 2293 cohortibus
1054 2242 1084 2291 et
1098 2231 1224 2304 auxiliis,

222 2350 316 2408 quum
329 2333 405 2392 aliis
420 2333 457 2408 Q.
470 2332 560 2391 frater
572 2332 683 2409 legatus
696 2350 809 2390 mecum
820 2330 914 2402 simul,
921 2330 985 2389 aliis
997 2327 1030 2388 C.
1046 2328 1227 2405 Pomptinius

223 2428 351 2507 legatus,
365 2430 489 2506 reliquis
502 2429 545 2487 ht
559 2428 692 2487 Anneius
706 2438 735 2487 et
749 2427 784 2485 L
798 2428 929 2487 Tulleius
943 2428 1030 2505 legati
1044 2434 1227 2504 praeessent3

225 2525 389 2601 plerosque
410 2526 614 2603 necopinantes
627 2525 829 2601 oppressimus,
842 2525 892 2600 qni
905 2525 990 2584 occisi
1005 2525 1139 2601 captique
1152 2530 1266 2595 suntab

227 2621 385 2681 interclusi
398 2622 475 2699 fuga
515 2622 645 2681 Eranam
658 2630 765 2691 autem,
775 2638 852 2698 quae
865 2620 921 2681 fuit
933 2640 991 2680 non
1001 2621 1058 2680 vici
1068 2621 1166 2692 instar,
1175 2618 1227 2677 sed

228 2717 317 2791 urbis,
331 2720 416 2795 quod
436 2726 498 2777 erat
511 2718 619 2775 Amani
639 2725 734 2794 caput,
747 2718 873 2793 itemque
894 2716 1039 2795 Sepyram
1052 2724 1082 2775 et
1096 2713 1228 2775 Commo·

229 2812 293 2885 rim,
313 2816 426 2873 acriter
449 2822 478 2873 et
500 2814 550 2873 diu
574 2815 807 2892 repugnantibus,
829 2813 995 2890 Pomptinio
1015 2814 1096 2871 illam
1115 2818 1228 2887 partem

232 2908 342 2968 Amani
359 2920 486 2983 tenente,
500 2930 538 2969 ex
551 2911 721 2969 antelucano
742 2920 872 2987 tempore
893 2928 984 2985 usque
997 2909 1035 2967 ad
1054 2908 1154 2967 horam
1167 2904 1227 2963 diei

232 3004 387 3080 decimam,
406 3026 511 3083 magna
530 3007 712 3066 multitudine
731 3007 856 3065 hostium
876 3007 979 3077 occisa,
998 3004 1144 3081 cepimua3
1164 3012 1266 3061 cas-w

232 3101 362 3179 tellaque
381 3122 435 3162 sex
452 3111 555 3179 capta;
574 3103 722 3179 complura
741 3102 928 3165 incendimus.
968 3102 996 3158 9.
1017 3100 1074 3158 His
1087 3100 1173 3157 rebus
1185 3097 1228 3156 ita

234 3199 331 3275 gestis,
344 3210 440 3259 eastra
452 3200 483 3257 in
496 3200 640 3259 radicibus
653 3199 761 3258 Amani
781 3199 934 3259 habuimus
946 3198 1026 3275 apud
1044 3196 1123 3255 Aras
1135 3194 1228 3253 Alex·

235 3294 317 3353 andri
338 3296 532 3371 quatriduum,
552 3305 582 3353 et
605 3296 635 3353 in
656 3295 786 3372 reliquiis
805 3291 925 3353 ⁸Amani
945 3292 1073 3351 delendis
1092 3291 1228 3367 agrisque

239 3392 392 3461 vastandis,
405 3408 480 3465 quae
494 3408 560 3467 pars
575 3388 639 3467 ejus
651 3390 755 3449 montis
768 3407 851 3449 meae
870 3388 1036 3465 provinciae
1049 3395 1101 3457 est,
1114 3386 1144 3443 id
1157 3388 1229 3443 tem·

238 3486 631 3562 pusomneconsumpsimus.
668 3487 713 3545 10.
730 3480 1267 3559 Cousemishisrehusadoppidumw

242 3576 513 3639 Eleutherocilicum
525 3580 730 3641 Pindenissum
740 3581 900 3640 exercitum
910 3578 1019 3637 adduxi
1029 3600 1038 3647 ς
1051 3567 1128 3663 quod
1138 3594 1227 3653 quum

241 3684 313 3734 eset
332 3676 470 3735 altissimo
491 3685 520 3737 et
540 3678 729 3737 munitissimo
748 3677 811 3735 loco
824 3676 862 3735 ab
880 3676 972 3752 iisqne
984 3675 1164 3745 incoleretur,
1177 3673 1228 3749 qui

242 3787 277 3831 ae
290 3772 405 3849 regibus
418 3772 534 3849 quidem
549 3791 675 3849 unquam
689 3772 871 3849 paruissent3
890 3789 980 3847 quum
994 3780 1024 3829 et
1035 3770 1170 3847 fugitivos
1183 3786 1228 3827 rc·

243 3864 367 3941 ciperent
386 3876 416 3926 et
436 3866 610 3927 Parthorum
631 3868 787 3927 adventum
807 3867 948 3926 acerrime
968 3873 1177 3942 exspectarent,
1189 3862 1228 3921 ad

246 3963 480 4023 existimationem
493 3964 606 4040 imperii
625 3964 769 4040 pertinere
790 3962 944 4021 arbitratus
957 3979 1021 4019 sum
1040 3960 1267 4036 comprimerem

246 4073 339 4118 corum
350 4058 573 4134 audaciamque
583 4058 694 4118 facilius
704 4058 791 4117 etiam
802 4066 963 4117 ceterorum
974 4056 1071 4127 animi,
1080 4055 1130 4131 qui
1140 4052 1227 4111 alieni

248 4166 336 4217 anent
355 4158 393 4217 ab
413 4155 535 4239 imperio
553 4163 659 4229 nosue,
678 4153 888 4231 fraogemutur.
927 4151 1015 4213 Vallo
1035 4160 1065 4212 et
1082 4150 1161 4211 iussa
1173 4149 1227 4209 cir·
