3317 4984
391 494 450 555 314
718 506 896 552 aursroasa
916 506 1099 553 crcaaours.

431 690 553 748 quorum
566 678 687 746 uterque
700 670 798 747 parvis
811 668 961 746 praesidiis
974 678 1093 747 propter
1105 668 1259 746 aufflma'as
1272 668 1424 731 merdae

430 775 530 845 potest,
540 786 593 825 nec
603 776 647 824 est
660 766 816 842 quidquam
828 762 931 825 Cilicia
943 773 1043 824 contra
1053 763 1172 842 Syriam
1186 765 1330 822 munitius
1340 765 1363 842 ς)
1375 768 1424 825 sed

430 882 477 921 me
499 862 680 941 Cappadocia
699 862 841 931 movebat,
854 879 930 937 quae
948 870 1029 938 patet
1044 880 1064 919 a
1078 860 1168 938 Syria
1180 880 1328 937 regoeque
1340 862 1425 921 habet

430 960 572 1031 finitimos,
586 958 635 1035 qui
658 958 769 1017 etiamsi
792 968 860 1016 sunt
882 957 969 1015 etiam
991 958 1077 1017 amici
1098 959 1190 1029 uobis,
1204 967 1307 1016 tamen
1328 970 1425 1035 aperta

405 1054 548 1115 cParthis
569 1054 676 1113 inimici
700 1072 762 1113 esse
782 1072 840 1112 uon
853 1054 968 1111 audent
1007 1053 1111 1130 Itaque
1124 1055 1157 1113 iu
1172 1053 1367 1131 Cappadocia
1377 1073 1425 1113 cx·

430 1160 523 1209 trema
541 1170 598 1209 nou
618 1150 702 1228 louge
715 1170 734 1209 a
747 1148 846 1209 Tauro
858 1150 935 1227 apud
948 1150 1085 1227 oppidum
1100 1148 1240 1228 Cybistra
1253 1160 1354 1209 castra
1364 1150 1423 1223 fetri,
1525 1213 1527 1228 ,

431 1258 463 1307 ut
476 1257 505 1305 et
520 1245 648 1307 Ciliciam
662 1257 760 1305 tuerer
771 1254 801 1305 et
812 1244 1024 1323 Cappadociam
1033 1256 1135 1305 tenens
1145 1264 1226 1305 nova
1235 1247 1424 1306 finitimorum
1525 1243 1527 1264 '

431 1343 548 1405 consilia
567 1342 743 1419 impedirem.
784 1342 811 1399 5.
831 1340 949 1401 Interea
968 1343 999 1400 iu
1019 1342 1074 1401 boc
1092 1352 1173 1402 tanto
1190 1351 1275 1401 mota
1289 1352 1424 1419 tantaque

431 1439 642 1517 exspectatione
657 1438 775 1497 maximi
788 1440 857 1497 belii
876 1458 930 1497 rex
948 1438 1111 1511 Deiotarus,
1124 1440 1173 1498 cui
1185 1458 1245 1497 nou
1261 1440 1328 1497 siue
1342 1458 1425 1498 causa

393 1535 586 1613 utplurimum
606 1554 718 1611 semper
738 1542 767 1593 et
786 1554 851 1593 meo
870 1544 901 1593 et
920 1544 969 1594 tuo
986 1545 1017 1593 et
1028 1546 1143 1594 senatus
1157 1535 1274 1611 judicic
1287 1536 1423 1594 tributura

431 1640 482 1703 est,
496 1632 542 1689 vir
555 1650 643 1708 quum
666 1631 864 1690 benevolentia
877 1640 907 1690 et
923 1632 980 1690 fide
1001 1650 1072 1709 erga
1092 1634 1234 1709 populum
1259 1632 1424 1691 Romanum

432 1726 576 1805 singulari,
589 1736 650 1784 tum
664 1726 834 1803 praeseutia,
848 1727 1045 1804 magnitudine
1059 1736 1089 1785 et
1100 1728 1190 1785 animi
1205 1737 1237 1785 et
1249 1728 1374 1799 consilii,
1386 1728 1424 1787 le-

431 1832 511 1901 gatos
531 1822 568 1881 ad
588 1840 634 1879 mo
654 1823 732 1880 misit
750 1841 782 1881 sc
803 1841 869 1881 cum
882 1823 1014 1882 omnibus
1028 1823 1088 1885 scis
1100 1824 1191 1900 copiis
1203 1824 1236 1881 iu
1249 1842 1319 1881 mea
1332 1834 1424 1883 castra

432 1937 494 1977 esse
510 1928 670 1977 venturum.
713 1916 803 1995 Cujus
823 1938 878 1997 ego
891 1920 986 1978 studio
999 1919 1147 1996 officioque
1160 1931 1324 1979 commotus
1338 1922 1422 1998 egiei

394 2028 485 2093 ltper
508 2015 616 2073 litteras
640 2014 756 2091 gratias,
780 2015 867 2091 idque
891 2025 924 2074 ut
944 2024 1110 2088 maturaret,
1129 2016 1262 2074 hortatus
1283 2035 1358 2074 mm.
1395 2016 1421 2075 6.

433 2110 530 2187 Quum
545 2120 641 2169 antem
654 2110 691 2169 ad
706 2108 841 2188 Cybistra
854 2120 973 2188 propter
984 2113 1124 2171 rationem
1135 2113 1205 2171 belli
1218 2114 1352 2189 quinque
1364 2113 1421 2172 dier

432 2226 524 2267 essem
534 2202 692 2279 ⁴muratus,b
703 2226 802 2285 regem
810 2207 1047 2280 Ariobarzanem,
1056 2208 1137 2283 cujus
1148 2210 1273 2267 salutem
1284 2228 1306 2267 a
1315 2220 1419 2282 acuatu,

431 2308 460 2359 te
487 2310 610 2373 auctore,
632 2302 859 2361 commendatam
885 2302 1037 2375 habebam,
1062 2300 1287 2380 ‘praesentibus‘
1314 2306 1418 2364 iusidtis

431 2396 649 2473 necopinantem
669 2397 810 2465 liberavi3
831 2416 926 2473 neque
946 2398 1039 2457 solam
1051 2398 1080 2457 ei
1100 2400 1185 2457 saluti
1197 2398 1252 2471 firi,
1265 2400 1319 2459 sed
1338 2401 1419 2459 mam

392 2492 542 2563 sommi,
556 2502 588 2549 ut
601 2511 665 2550 cum
686 2492 854 2553 auctoritate
873 2502 1016 2570 regnaret
1056 2494 1184 2553 Metram
1197 2504 1229 2553 et
1246 2514 1325 2566 eum,
1338 2514 1418 2571 quem

431 2596 463 2647 tn
483 2588 553 2647 mihi
573 2589 725 2667 diligenter
745 2590 969 2661 commendares,
989 2590 1182 2663 Athenaeum,
1203 2593 1416 2669 importunitate

432 2684 602 2743 Athenaidis
623 2684 725 2743 exsilic
745 2684 889 2756 multatos,
902 2686 1031 2745 maxima
1043 2688 1121 2763 apud
1133 2706 1234 2764 regem
1253 2690 1418 2747 auctoritate

432 2782 581 2859 gratiaque
602 2780 741 2839 constitui.
785 2778 940 2856 Quumque
953 2800 1091 2857 maguum
1103 2783 1211 2840 bellum
1225 2783 1257 2840 iu
1274 2782 1419 2860 Cappado

432 2878 477 2937 cis
490 2878 686 2947 concitaretur,
699 2877 724 2935 si
736 2871 1113 2953 ⁰sacerdoscrmissc,quod
1122 2876 1250 2937 facturus
1260 2881 1418 2956 pumbatuq
1525 2935 1527 2949 ,

392 2986 425 3035 ae
435 2972 608 3046 defenderet,
632 2974 797 3033 adolescens
825 2982 855 3031 et
875 2974 1004 3049 equitatu
1032 2984 1062 3031 et
1086 2975 1214 3051 peditatu
1242 2984 1274 3034 et
1305 2978 1418 3053 pecunia
1525 2964 1527 3008 ἶ

433 3078 550 3147 paratus
570 3090 607 3128 ex
628 3079 687 3128 toto
707 3070 751 3140 iis,
765 3070 814 3145 qui
837 3070 938 3128 novari
952 3068 1062 3144 aliquid
1075 3070 1218 3142 volebant,
1231 3072 1351 3147 perfeci,
1363 3082 1417 3132 ute

433 3186 521 3245 reguo
536 3168 582 3227 ille
596 3168 755 3226 discederet
769 3187 881 3244 rexque
897 3167 959 3225 sinc
974 3166 1096 3223 tumultu
1111 3185 1146 3224 ac
1158 3168 1220 3225 siue
1234 3169 1336 3239 armis,
1347 3169 1416 3226 omui
1525 3205 1526 3218 ,

433 3264 599 3323 auctoritate
613 3264 696 3322 aulae
710 3264 892 3335 communita,
903 3280 1026 3337 regnum
1045 3280 1111 3319 cum
1124 3261 1264 3338 dignitate
1274 3264 1416 3323 obtineret
1525 3259 1526 3314 ἶ

412 3364 461 3420 ,7.
481 3362 597 3423 Interea
617 3365 738 3441 cognovi
760 3364 914 3423 multorum
939 3361 1040 3418 litteris
1065 3368 1151 3434 atque
1172 3359 1283 3417 nuntiis
1306 3379 1417 3437 magnas
1525 3351 1526 3360 ¹

394 3472 426 3521 8⁰
434 3460 609 3519 Parthorum
623 3462 719 3538 copias
730 3471 760 3522 et
769 3461 901 3521 Arabum
914 3460 953 3519 ad
972 3458 1110 3535 oppidum
1124 3454 1320 3539 Antiocheam
1333 3476 1417 3516 acces·

433 3558 505 3615 aisse
518 3577 711 3637 magnumque
722 3578 821 3617 eorum
836 3558 1001 3635 equitatum,
1016 3555 1066 3631 qui
1081 3553 1110 3609 iu
1128 3549 1261 3609 Ciliciam
1271 3553 1417 3623 transisset,
1525 3593 1526 3644 ]

434 3657 470 3715 ab
481 3658 609 3732 equitum
622 3676 751 3715 meorum
764 3659 866 3715 turmis
880 3666 909 3715 ct
921 3676 941 3716 a
961 3657 1076 3715 cohorte
1098 3651 1251 3730 praetoria.
1269 3668 1346 3724 quae
1364 3659 1416 3707 erat

435 3750 623 3829 Epiphaneae
639 3752 771 3829 praesidii
786 3772 882 3822 causa,
892 3752 1038 3811 occidione
1049 3752 1182 3811 occisum
1227 3744 1328 3820 Quare
1338 3763 1415 3820 quam

434 3848 563 3907 viderem
576 3867 595 3907 a
610 3846 793 3925 Cappadocia
814 3846 991 3906 Parthorum
1011 3848 1109 3924 copias
1123 3867 1249 3919 aversas,
1264 3863 1324 3903 non
1344 3843 1415 3919 louge
1525 3895 1526 3936 ;

426 4052 518 4102 Error.
534 4050 594 4103 XK
625 4050 710 4101 bDist¹
728 4050 775 4100 bct
792 4066 878 4111 mcccc,
895 4066 977 4106 moror.
993 4047 1068 4110 tardo,
1085 4050 1134 4099 aad
1149 4048 1243 4101 detineo.
1275 4048 1312 4100 V.
1329 4056 1411 4101 mt-

395 4130 475 4181 mm.
488 4130 534 4181 bet
548 4130 633 4192 adem,
646 4130 757 4189 interesse,
770 4130 818 4178 aud
826 4144 921 4193 prem
930 4144 983 4178 aas.
1015 4126 1050 4178 V.
1061 4142 1087 4178 u.
1099 4132 1121 4177 5.
