3317 4984
682 528 821 573 eunuco.
1113 597 1116 603 Ι
1201 514 1260 573 338
1311 503 1318 523 “

185 686 312 747 tunium
337 690 478 765 quietus
497 689 559 759 iui3
578 688 659 765 cujus
679 698 760 749 tantu
772 698 824 762 eet,
837 686 906 748 'non
923 688 1083 763 insolentia,
1099 688 1179 768 (num
1192 691 1222 750 id

185 782 321 859 quidem
344 786 491 863 vulgare
511 786 614 845 vitium
635 784 699 863 est)
723 786 774 845 sed
793 784 977 857 ‘immunitum
995 804 1053 844 nou
1078 787 1165 845 modo
1190 795 1223 845 ut

185 876 326 951 ⁸coenem,
343 882 409 940 sed
422 902 467 943 ne
476 882 588 941 vultum
597 882 712 957 quidem
726 882 849 939 liberum
859 880 948 957 posuit
957 880 1036 940 ferre
1045 881 1221 958 uquuqum.

186 974 307 1051 Itaque
323 977 414 1035 mihi
431 978 579 1037 memmae
597 996 683 1035 curuo
697 984 748 1049 est,
762 996 819 1035 non
832 977 870 1036 de
883 994 951 1035 mee
963 978 1080 1053 quidem
1093 979 1162 1051 vite,
1175 979 1221 1037 cui
1302 1050 1308 1060 ι

188 1070 335 1131 satisfeci
361 1074 424 1133 vel
450 1082 547 1133 aetate
559 1073 608 1133 vel
629 1071 711 1133 foetis
733 1073 780 1131 vel
803 1072 841 1150 (si
855 1074 925 1149 quid
938 1073 1024 1131 etinm
1041 1074 1220 1133 hoeudrem
1244 1090 1274 1136 ur

190 1167 353 1247 pertinet)
373 1170 499 1247 glorian
520 1168 572 1229 sed
590 1186 638 1227 me
658 1168 752 1245 putria
772 1168 912 1241 sollicitet,
937 1168 968 1226 iu
996 1169 1162 1245 primisque,
1181 1171 1222 1228 mi

193 1264 332 1336 Plance,
350 1266 544 1343 exspectatio
556 1265 720 1323 consulatue
733 1265 783 1337 tui,
795 1260 883 1340 ‘quoe
895 1265 938 1323 ite
949 1264 1035 1341 longa
1047 1274 1099 1336 eet,
1114 1274 1148 1323 ut
1159 1262 1222 1343 ⁷op-

194 1360 332 1418 mudum
356 1362 415 1434 sit,
430 1372 463 1421 ut
482 1361 623 1440 pomimuu
642 1360 680 1418 ud
700 1360 730 1418 id
749 1369 863 1437 tempus
879 1360 923 1419 rei
936 1360 1068 1436 publicae
1078 1357 1221 1437 ⁸spiritum
1317 1384 1325 1397 ·

196 1455 328 1513 ducere.
381 1456 473 1532 Quae
493 1464 587 1534 potest
599 1456 677 1514 enim
690 1474 756 1532 spes
770 1474 833 1513 esee
845 1455 877 1512 in
890 1473 925 1513 ee
938 1456 1106 1533 republica,
1119 1456 1150 1514 in
1163 1475 1222 1532 que

197 1552 340 1611 hominis
349 1554 592 1631 impotentissimi
602 1564 689 1629 atque
699 1551 978 1629 intemperantissimi
988 1552 1222 1629 nrmieoppreseo
1230 1566 1261 1613 to

201 1658 275 1707 eunt
297 1653 423 1725 omnia,
437 1660 466 1709 et
485 1650 515 1709 in
529 1669 587 1725 qun
604 1668 659 1709 nec
675 1658 792 1709 senatun
805 1667 860 1707 uec
872 1648 994 1725 populus
1008 1648 1067 1705 vim
1080 1649 1168 1707 hebet
1180 1650 1223 1707 ul·

202 1744 277 1816 lum,
291 1764 358 1805 nee
372 1746 459 1823 leges
472 1746 548 1805 ullue
561 1754 636 1817 sunt,
645 1763 701 1805 uec
709 1742 827 1820 judicie,
836 1744 1015 1803 necomnino
1026 1741 1222 1803 'simulacrum

206 1840 338 1916 aliquod
353 1860 397 1901 ac
409 1842 564 1919 vestigium
577 1839 724 1903 οἰνὶιαῑίεῗ
752 1841 793 1899 «2.
814 1839 875 1901 Sed
883 1840 1018 1915 quonium
1030 1836 1117 1899 ”actu
1126 1842 1223 1900 omniu

207 1932 313 1995 ¹1mitti
328 1938 374 1995 ad
390 1948 419 1997 te
433 1938 601 2008 arbitrabar,
614 1936 687 1995 nihil
700 1946 770 2009 erut,
783 1936 860 2013 quod
873 1936 991 2013 singulis
1005 1937 1140 1995 derebus
1153 1938 1223 1995 ecri-

211 2033 330 2093 berem.
378 2034 576 2093 mutantem
596 2042 658 2091 erut
678 2034 783 2091 umoris
803 2033 868 2105 mei,
886 2052 972 2109 quem
991 2052 1010 2091 a
1030 2042 1080 2092 tuu
1098 2034 1261 2110 pueritiult

212 2138 397 2205 susceptum
410 2149 468 2189 nou
481 2130 597 2189 uervuvi
610 2130 710 2203 solum,
721 2130 772 2189 sed
783 2130 872 2189 etium
881 2130 961 2202 auxi,
969 2149 1086 2189 monere
1095 2139 1125 2188 te
1135 2139 1222 2206 utque

216 2224 345 2298 honeri,
361 2236 397 2285 ut
409 2227 440 2285 in
454 2245 516 2285 rem
537 2226 681 2303 publicum
695 2227 773 2285 omni
787 2227 959 2302 cogitatione
972 2244 1099 2301 cumque
1112 2226 1223 2285 incum-

215 2320 316 2381 beres.
365 2322 450 2398 Quae
470 2323 495 2381 si
515 2322 552 2381 ud
570 2332 651 2381 tuum
671 2330 784 2400 tempus
808 2320 1002 2399 ¹'perducituq
1014 2322 1106 2381 facilis
1119 2324 1222 2401 guber-

220 2418 301 2477 nutio
316 2428 386 2488 eet3
407 2428 440 2478 ut
452 2420 743 2499 perduceturluutem
753 2438 877 2497 maguae
890 2439 979 2495 quum
990 2420 1154 2497 diligentiae
1169 2428 1221 2492 eet,

220 2524 283 2573 tum
305 2517 401 2575 etiam
421 2515 558 2575 fortunae.
599 2515 625 2573 3.
648 2514 706 2576 Sed
726 2525 803 2575 etto
821 2517 967 2592 eliquanto
984 2526 1060 2589 oute,
1077 2525 1110 2575 ut
1128 2528 1261 2593 opereat)

224 2610 409 2686 habebimur,
423 2620 461 2686 et,
475 2622 677 2689 praeterquam
690 2612 768 2687 quod
781 2613 823 2669 rei
836 2613 970 2688 publicae
979 2612 1127 2671 contulero
1137 2612 1223 2671 debe·

224 2724 298 2779 mus,
313 2718 415 2767 tamen
428 2718 495 2767 tune
508 2708 639 2785 dignitati
653 2708 693 2767 itu
711 2707 851 2779 favemus,
864 2718 897 2766 ut
909 2728 994 2767 omne
1006 2718 1136 2768 nostrum
1155 2726 1222 2767 oon·

227 2802 335 2876 eilinm,
361 2805 495 2875 studium,
518 2804 650 2877 officium,
671 2824 797 2883 operum,
823 2804 962 2876 laborem,
985 2804 1160 2880 diligentium
1183 2803 1245 2863 ed·

183 2886 187 2893 ¹
227 2900 449 2977 amplitudinem
472 2908 550 2958 tuem
569 2899 756 2959 conferemus.
797 2900 846 2959 Ite
864 2900 998 2959 facillime
1018 2909 1048 2958 et
1067 2900 1110 2958 rei
1130 2898 1221 2977 publi·

231 3012 289 3066 ωε,
313 3015 391 3073 quoe
417 2996 488 3053 mihi
515 2996 660 3055 carissime
686 3006 738 3070 eet,
764 3007 794 3057 et
818 2998 961 3057 amicitiae
987 3005 1109 3068 nostroe,
1132 3009 1259 3073 quumzu

230 3092 411 3175 sanctissimo
432 3092 515 3151 nobie
535 3092 684 3153 colendum
704 3102 781 3173 puto,
795 3093 989 3171 meintelligo
1000 3092 1219 3151 satisfacturum

234 3186 259 3243 d
279 3184 447 3247 ¹⁸Furnium
467 3198 594 3249 nostmm
615 3191 688 3249 tenti
707 3202 768 3249 ute
781 3190 853 3264 lieri,
866 3200 1005 3267 quantum
1018 3190 1107 3267 ipsius
1120 3189 1220 3248 humo·

233 3282 306 3341 uitae
327 3293 358 3341 et
377 3284 500 3361 dignitas
521 3286 652 3361 postulet,
672 3304 727 3345 nec
744 3282 897 3345 miror¹⁴et
915 3286 1046 3362 goude03
1066 3295 1152 3362 teque
1165 3286 1219 3345 hoo

236 3378 400 3437 existimare
412 3380 485 3451 volo,
499 3381 637 3457 quidquid
656 3382 687 3439 in
705 3400 772 3441 eum
787 3380 889 3458 judicii
902 3382 1045 3457 officiique
1058 3382 1219 3455 contuleris,
1263 3391 1268 3401 '

233 3472 262 3532 id
277 3474 319 3535 itu
331 3494 378 3535 mo
392 3477 533 3555 occipere,
546 3486 578 3537 ut
591 3478 622 3536 iu
635 3496 682 3539 me
695 3478 790 3555 ipsum
803 3487 833 3538 te
846 3488 945 3556 putem
957 3479 1118 3538 contulisse.
1226 3492 1256 3543 tt
