3317 4984
378 515 435 576 786
825 531 946 578 onemo

415 711 584 771 magnorum
594 694 686 755 veliin
700 713 766 753 suos
780 693 859 753 uives
870 693 918 759 vel
931 693 962 752 iu
975 692 1156 771 peutsmvet
1168 691 1295 752 iuomne
1306 709 1393 770 geum

416 791 564 849 hominum
577 789 654 848 ism
667 791 846 849 meritorum.

456 887 514 945 IX.
555 887 601 944 27.
624 887 707 945 Hseu
723 887 811 963 igitur
823 886 875 944 uti
890 885 1082 962 reliquepsrs
1095 893 1157 944 eet:
1176 881 1394 944 ¹hierestetee·

417 993 481 1044 tus=
500 985 531 1042 in
555 983 836 1042 hoeelsborendum
859 991 910 1053 est,
934 991 967 1040 ut
992 1000 1055 1040 rem
1078 982 1223 1058 publieum
1242 981 1394 1040 sonsum

390 1093 509 1156 tesque
529 1090 561 1138 tu
581 1081 611 1136 in
631 1080 730 1155 primis
751 1097 864 1136 summa
880 1077 1087 1154 tranquillitate
1101 1087 1133 1136 et
1147 1078 1205 1136 otio
1227 1076 1394 1154 perfruere:

417 1185 478 1235 tum
497 1186 533 1246 te,
545 1177 568 1234 si
590 1177 677 1247 voles,
691 1193 779 1251 quum
792 1175 910 1252 patrius,
923 1175 1000 1251 qnod
1019 1175 1115 1246 debes
1128 1173 1257 1244 solveris,
1271 1184 1303 1232 et
1315 1184 1395 1234 uetu-

416 1289 479 1330 rem
506 1273 597 1348 ipsam
625 1271 787 1347 expleveris
811 1271 942 1330 satietate
969 1270 1094 1340 vivendi.
1117 1270 1186 1328 setis
1216 1269 1268 1328 diu
1289 1270 1395 1328 vixioee

416 1365 522 1428 'dieite
565 1367 642 1442 Quid
653 1377 698 1426 est
712 1369 789 1427 enim
802 1368 857 1428 hoe
874 1369 970 1445 ipsum
981 1367 1041 1437 diu,
1054 1367 1085 1423 in
1098 1383 1155 1442 que
1167 1375 1212 1424 est
1224 1365 1335 1441 aliquid
1346 1383 1395 1424 ex·

416 1463 563 1523 tremum?
582 1465 659 1539 quod
680 1483 770 1540 quum
793 1463 987 1535 venitemnis
1010 1463 1142 1540 voluptas
1163 1462 1322 1538 praeterite
1344 1481 1395 1539 pru

379 1570 410 1620 10
423 1559 512 1618 nihilo
536 1569 586 1632 est,
609 1561 677 1636 quis
700 1569 801 1638 postes
823 1559 904 1617 nulls
925 1568 969 1617 est
991 1558 1098 1616 fumun.
1139 1556 1323 1633 Quemquam
1344 1559 1395 1616 iste

416 1665 482 1714 tuus
504 1658 616 1716 enimus
640 1675 786 1732 nunquam
807 1656 853 1714 his
871 1657 1020 1733 angustiis,
1034 1673 1106 1732 qum
1128 1665 1231 1714 uenire
1254 1657 1337 1713 nobis
1359 1656 1395 1714 sd

417 1753 572 1812 vivendum
585 1754 671 1823 dedit,
685 1762 834 1812 contentus
844 1751 915 1820 fuit3
932 1771 1045 1829 semper
1056 1750 1286 1810 'immennlitetis
1299 1771 1394 1810 eruere

417 1850 556 1927 flagravit.
597 1836 644 1908 28.
665 1850 730 1908 Nee
743 1869 812 1909 vero
825 1851 898 1910 hnee
910 1859 961 1908 me
973 1851 1034 1908 vite
1044 1849 1174 1910 dueende
1187 1859 1239 1920 est,
1248 1867 1324 1924 quse
1337 1869 1396 1908 eur·

417 1963 486 2021 pure
508 1954 539 2004 et
562 1946 662 2021 spiritu
686 1947 855 2004 continetur.
895 1945 1099 2022 lllminquem
1119 1945 1169 2004 ille
1191 1946 1252 2004 vite
1274 1953 1321 2003 eet
1338 1954 1395 2016 tun,

379 2055 410 2102 1⁶
423 2061 498 2118 quse
516 2044 624 2120 vigebit
643 2044 782 2102 memoria
800 2043 961 2102 seculorum
983 2045 1117 2114 omnium,
1136 2061 1221 2118 quem
1245 2045 1395 2121 posterius

417 2137 482 2209 alet,
496 2157 581 2214 quam
600 2139 663 2214 ipse
680 2139 832 2197 aeternitas
852 2156 967 2216 semper
977 2140 1111 2197 mebitur.
1149 2136 1240 2198 ‘Huic
1254 2147 1286 2197 tu
1297 2139 1396 2200 ‘inser

417 2235 488 2306 vius,
500 2233 567 2293 huie
593 2243 622 2292 te
649 2243 773 2292 ostentes
798 2243 918 2311 oportet,
937 2254 1012 2311 quse
1031 2236 1156 2311 quidem,
1174 2254 1249 2312 quse
1269 2237 1394 2307 miretur,

415 2329 590 2406 jampridem
613 2331 702 2388 multe
723 2323 817 2403 hebet,
832 2332 1009 2390 nuncetiam
1028 2350 1104 2408 quse
1121 2332 1220 2391 laudet
1241 2341 1394 2410 exspectet

418 2427 629 2503 obstupescent
655 2428 761 2503 posteri
787 2435 866 2486 certe
891 2428 1019 2504 imperis,
1049 2429 1217 2504 pmvineins,
1252 2428 1395 2500 Rhenum,

377 2535 410 2583 20
423 2520 579 2593 Obsessum,
600 2523 709 2594 Nilum,
729 2542 841 2600 pugnes
859 2524 1088 2594 innumerabiles,
1109 2525 1288 2582 incredibiles
1310 2526 1396 2584 vieto·

416 2619 484 2690 rius,
503 2630 696 2691 monuments,
712 2615 853 2690 “muner-u,
872 2619 1030 2694 uiumphos
1053 2620 1200 2678 audientes
1220 2629 1250 2678 et
1268 2621 1396 2696 legentes

416 2709 498 2772 'mos
531 2713 578 2770 29.
601 2713 659 2773 Sed
672 2714 726 2771 nisi
739 2714 812 2772 haee
824 2715 894 2772 urbe
902 2714 1028 2772 stabilite
1038 2715 1095 2772 tuis
1108 2715 1232 2773 enneiliin
1244 2725 1275 2772 et
1286 2716 1398 2774 institu-

416 2809 453 2868 tis
466 2810 527 2879 erit,
541 2810 692 2886 vagabitur
704 2809 788 2868 modo
800 2827 904 2868 nomeu
914 2818 996 2867 mum
1006 2809 1090 2886 longe
1103 2818 1189 2885 etque
1203 2810 1279 2868 lete:
1299 2811 1397 2870 sedem

417 2905 546 2964 stabilem
566 2914 596 2963 et
615 2905 795 2962 domicilium.
808 2913 919 2964 eertum
937 2921 996 2964 uon
1015 2905 1138 2964 hebebit.
1180 2905 1246 2964 urit
1260 2907 1398 2968 intereos

377 3015 410 3064 ts
419 3004 513 3076 etiarn,
533 3004 583 3079 qui
603 3011 762 3074 nascentur,
785 3003 860 3061 sieut
877 3003 955 3061 inter
972 3021 1024 3062 nus
1043 3001 1106 3074 tuit,
1123 3021 1231 3081 megnn
1252 3005 1397 3074 dissenss'n,

417 3117 506 3174 quum
527 3099 575 3156 elii
595 3099 727 3156 leudibus
747 3099 786 3156 ed
805 3099 917 3157 eoelum
929 3117 976 3157 ree
996 3107 1060 3158 mus
1082 3110 1177 3176 gestas
1200 3099 1330 3172 efferent,
1349 3101 1397 3160 ulit

416 3193 536 3252 fortusse
558 3195 667 3269 eliquid
690 3190 858 3269 ⁸requirent,
880 3195 968 3272 idque
987 3196 1035 3254 vel
1053 3197 1221 3264 maximum,
1250 3197 1306 3254 nisi
1329 3196 1395 3254 belli

416 3290 507 3349 eivilis
530 3289 692 3348 ineendium
716 3291 807 3348 salute
834 3292 945 3368 petuisse
967 3293 1158 3359 restinxeris3
1182 3288 1227 3349 ‘ut
1248 3293 1321 3350 illud
1346 3291 1396 3350 feti

416 3385 503 3445 fuisse
516 3387 657 3458 videntur,
670 3388 724 3445 hee
737 3387 856 3446 consilii.
897 3387 982 3448 Servi
996 3388 1084 3464 igitur
1095 3389 1132 3446 iis
1145 3389 1233 3446 etiem
1241 3387 1395 3463 judicibus

377 3493 410 3544 80
419 3482 469 3558 qui
482 3481 577 3539 multis
591 3491 655 3557 pest
668 3483 771 3541 seeulis
785 3483 820 3542 de
834 3491 864 3542 te
872 3483 1043 3559 judiesbunt
1055 3493 1086 3542 et
1097 3484 1214 3560 quidem
1226 3480 1326 3542 ”baud
1338 3485 1396 3544 ecio

415 3597 453 3637 en
470 3578 659 3654 incorruptius
676 3597 764 3654 quem
780 3597 852 3646 nus3
870 3597 938 3637 nem
951 3588 980 3637 et
993 3581 1054 3638 sine
1070 3599 1169 3638 emere
1179 3589 1211 3638 et
1222 3580 1285 3638 sine
1298 3577 1397 3655 ”mpt-

416 3674 512 3744 ditete,
526 3681 556 3731 et
576 3691 674 3732 rursus
688 3675 750 3732 sine
762 3675 828 3734 odie
841 3685 871 3732 et
883 3675 944 3732 sine
956 3676 1065 3733 invidis
1073 3674 1253 3756 judicabunt.
1291 3675 1342 3732 80.
1361 3675 1397 3733 Id

416 3779 512 3828 eutem
526 3770 612 3828 etiem
627 3771 652 3828 si
666 3778 727 3827 tum
740 3767 799 3828 ¹¹ed
820 3779 857 3841 te,
865 3778 903 3828 >ut
915 3770 1032 3845 quidum
1052 3770 1126 3829 falso
1138 3779 1249 3848 putent,
1261 3789 1319 3828 neu
1332 3788 1396 3847 per·

416 3865 525 3936 tinebit,
544 3883 622 3923 nune
640 3875 718 3924 uerte
738 3865 862 3941 pertinet
879 3883 941 3924 esse
960 3874 990 3924 te
1002 3865 1213 3938 talemnttuss
1230 3866 1330 3924 leudes
1348 3867 1397 3925 eb

376 3975 409 4022 st
422 3969 569 4020 epurature
581 3961 661 4020 nullis
675 3979 801 4037 unquam
815 3963 852 4021 sit
864 3962 978 4023 oblivio.

456 4057 496 4114 X.
530 4055 685 4117 ¹Diversne
696 4045 856 4117 voluntates
869 4058 975 4117 civium
987 4057 1104 4117 fuerunt
1113 4060 1325 4135 dismemeque
1334 4077 1395 4117 serr·

416 4151 539 4211 tentius:
559 4155 707 4213 nonenim
721 4154 846 4213 eonsiliis
863 4155 954 4214 selum
973 4165 1005 4215 et
1019 4157 1129 4230 studiis,
1141 4157 1192 4215 sed
1210 4158 1300 4216 armis
1312 4157 1392 4214 etism
