3317 4984
376 538 449 601 ‘ete
842 552 958 599 onemo

429 717 540 777 Albani
551 713 666 776 bumuli
679 724 767 793 etque
779 716 846 788 luci,
859 734 919 789 vos,
931 716 1056 793 inquam,
1069 716 1191 793 imploro
1205 726 1297 792 atque
1310 724 1409 787 tator,

430 832 540 890 vosque
558 815 739 873 Albanorum
757 814 878 873 obrutae
902 830 977 883 arae,
998 830 1140 873 saeuorum
1163 813 1260 889 populi
1286 811 1409 870 Romani

431 912 523 969 sociae
536 909 807 985 uaequumquus
819 908 1022 986 dlepraeoeps
1034 910 1165 979 amentia,
1179 910 1271 969 cussis
1284 920 1410 983 proem-

430 1007 522 1082 iisque
535 1006 718 1065 sanodssimis
731 1005 812 1075 lueis,
824 1000 1077 1065 'substructionum
1096 1004 1202 1063 insanis
1222 1004 1345 1063 molibus
1357 1022 1409 1080 op·

408 1112 591 1178 aptassent:
619 1110 732 1159 vestrae
750 1097 823 1159 ‘tum
842 1118 917 1171 atae,
938 1110 1049 1159 vestroe
1071 1100 1220 1177 religiones
1244 1100 1409 1176 viguerunt,

428 1207 526 1256 vestro
539 1200 584 1255 vis
596 1198 695 1269 voluit,
708 1216 795 1272 quam
807 1197 859 1255 iile
872 1196 951 1255 omni
963 1196 1070 1255 seelere
1084 1197 1239 1272 polluerem
1259 1205 1351 1271 tuque
1368 1214 1409 1255 ex
1446 1238 1452 1253 .

429 1304 479 1352 tuo
497 1290 585 1352 'edito
604 1302 709 1363 monte,
730 1292 855 1351 Latiaris
875 1300 970 1351 ennete
988 1290 1131 1368 «Iuppiter,
1150 1291 1230 1369 eujus
1249 1292 1299 1351 ille
1318 1292 1409 1363 lacus,

429 1408 545 1448 nemora
563 1392 690 1465 finesque
710 1407 796 1466 saepe
814 1387 892 1446 omni
912 1386 1019 1448 nefario
1039 1398 1136 1466 stupro
1148 1399 1178 1447 et
1189 1388 1297 1447 seelere
1309 1406 1409 1447 maen·

429 1485 510 1557 larat,
529 1485 682 1561 aliquunde
699 1485 737 1543 ud
755 1502 823 1543 eum
842 1484 1015 1561 puniendum
1036 1485 1132 1545 oeulos
1151 1486 1305 1561 aperuisti3
1326 1485 1408 1543 vobis

392 1582 505 1654 luillae,
526 1581 605 1641 vobis
625 1590 720 1640 vestro
738 1582 769 1639 in
789 1594 941 1657 conspeetu
962 1599 1050 1651 serae,
1072 1582 1122 1639 sed
1139 1579 1233 1655 justae
1257 1588 1355 1639 tamen
1377 1590 1408 1639 ot

429 1678 542 1737 debitae
562 1697 669 1754 poenae
689 1677 798 1737 solutae
817 1686 892 1735 sunt.
932 1678 981 1735 86.
1001 1676 1066 1735 Nisi
1085 1676 1157 1735 forte
1171 1676 1325 1735 boeotiam
1338 1696 1407 1734 essu

430 1774 536 1834 fautum
548 1792 611 1833 esse
624 1774 759 1843 dicemus,
773 1782 807 1831 ut
825 1782 892 1831 ante
912 1773 1006 1849 ipsum
1024 1774 1180 1831 saerannm
1200 1772 1301 1831 Bonae
1315 1772 1406 1843 Dese,

429 1870 507 1947 quod
524 1879 569 1931 est
587 1870 618 1927 in
637 1869 726 1929 fundo
744 1868 780 1926 Τ.
801 1866 888 1929 Sestii
910 1866 997 1940 Galli,
1015 1869 1044 1925 in
1062 1868 1161 1945 primis
1180 1868 1292 1927 honesti
1311 1878 1343 1927 et
1362 1887 1408 1926 or·

428 1969 489 2026 nuti
508 1966 702 2036 adnleseentia,
721 1972 789 2025 aute
807 1965 909 2042 ipsam,
928 1965 1054 2040 inquam,
1076 1964 1186 2023 Bonam
1200 1965 1302 2035 Deam,
1315 1982 1406 2040 quum

391 2078 423 2125 lb
431 2063 570 2141 proelium
591 2062 784 2133 commisisset,
808 2062 932 2138 primum
955 2060 1026 2119 iliud
1048 2062 1151 2121 vulnus
1173 2062 1326 2137 reciperet,
1348 2080 1407 2137 quo

426 2158 604 2219 teterrimam
630 2167 752 2216 mortem
777 2157 877 2229 obiret,
901 2164 934 2215 ut
960 2174 1017 2215 non
1043 2156 1187 2217 absolutus
1209 2152 1336 2232 ¹⁰judioio
1357 2157 1407 2216 iilo

464 2254 537 2313 fario
570 2252 723 2324 videretur,
748 2252 802 2311 sed
827 2252 866 2311 ud
899 2251 973 2311 bano
999 2251 1141 2329 insignem
1167 2270 1289 2329 poenm
1314 2271 1407 2313 reuserb

428 2359 517 2409 vatus·

468 2443 608 2503 XXXIL
647 2440 723 2503 ¹Neo
736 2460 806 2503 vero
818 2462 875 2503 non
889 2442 990 2503 eadem
1009 2443 1054 2503 ira
1065 2444 1184 2505 deorum
1197 2444 1271 2505 bane
1284 2444 1350 2521 ojus
1362 2464 1406 2505 sa·

389 2540 565 2601 suteliitibus
584 2536 683 2613 injecit
700 2538 863 2609 amentiam,
883 2546 915 2597 ut
936 2538 999 2597 sine
1018 2534 1207 2616 imaginibus,
1226 2540 1289 2597 sine
1307 2536 1406 2599 'mnia

428 2645 515 2711 atque
534 2633 617 2706 ludis,
631 2634 692 2691 sine
711 2634 865 2709 exsequiis,
878 2634 938 2692 sine
958 2633 1097 2705 lamentis,
1109 2636 1171 2693 sine
1186 2635 1405 2708 laudationibus,

428 2732 491 2790 sine
513 2729 622 2801 funere,
641 2728 745 2787 oblitus
768 2748 870 2787 eruore
890 2738 921 2788 et
940 2730 1007 2799 luto,
1027 2730 1164 2806 spoliatus
1184 2730 1259 2788 illius
1278 2732 1405 2807 supremi

428 2827 486 2885 diei
498 2826 670 2895 oeiebritate,
684 2824 730 2885 oui
749 2825 852 2883 eedere
872 2825 959 2883 etiam
972 2824 1079 2885 inimici
1093 2826 1195 2893 solent,
1206 2828 1406 2886 ambureretur

428 2922 564 2999 abjectus
604 2921 671 2979 Neo
684 2920 772 2979 suime
790 2920 876 2979 eredo
896 2919 946 2991 ias,
967 2922 1185 2981 clarissimorum
1198 2923 1327 2981 virorum
1339 2920 1405 2981 iios-

389 3032 492 3079 2omas
510 3018 553 3076 illi
573 3017 718 3077 teterrimo
737 3016 895 3091 parricidae
917 3015 1023 3092 aliquid
1044 3017 1154 3077 deooris
1177 3016 1289 3089 offerre,
1312 3034 1405 3094 neque

428 3112 605 3173 ulloinlooo
624 3112 718 3189 potius
737 3108 869 3169 ‘mortem
890 3108 951 3186 ejus
972 3111 1101 3183 luuormi,
1114 3130 1201 3189 quam
1215 3114 1318 3189 inquo
1331 3124 1404 3173 esset

428 3210 488 3267 rita
505 3209 647 3267 damnata

468 3306 516 3364 87.
537 3305 627 3373 Dura,
641 3304 752 3363 medius
771 3303 864 3375 fidius,
877 3304 945 3363 mihi
961 3304 1024 3380 jam
1044 3304 1157 3365 fortuna
1169 3307 1268 3383 populi
1283 3306 1403 3367 Rotnmi

428 3412 459 3463 et
470 3400 592 3461 erudelis
604 3400 762 3472 videbetur,
772 3418 848 3475 quae
862 3408 904 3459 tot
915 3418 1005 3459 annos
1017 3400 1098 3457 ilium
1110 3402 1141 3457 in
1155 3402 1229 3459 barro
1241 3422 1304 3460 rem
1314 3402 1403 3478 pubii-

388 3511 493 3561 seuam
512 3496 648 3555 instdture
669 3506 822 3571 pateretur.
864 3494 1012 3555 Polluerat
1025 3506 1123 3573 stupro
1136 3497 1327 3557 sanctissimas
1340 3498 1404 3555 reli·

428 3594 534 3672 genes,
547 3598 662 3651 senatus
681 3592 851 3667 gravissima
869 3590 984 3651 desueta
1004 3590 1188 3668 periragsmt,
1208 3594 1330 3668 pecunia
1343 3610 1404 3653 sea

424 3690 568 3766 judieibus
591 3688 687 3763 palum
712 3686 881 3759 redemerat,
905 3695 1026 3745 vexarat
1044 3688 1073 3744 in
1097 3688 1242 3747 tribunatu
1265 3698 1402 3759 emtum,

427 3784 555 3843 omnium
579 3782 712 3841 ordinum
738 3798 878 3841 eonsensu
904 3800 956 3858 pro
979 3782 1071 3841 salute
1095 3783 1291 3859 reipublicae
1313 3781 1403 3861 ‘gestu

428 3879 590 3949 resciderat,
603 3896 650 3935 me
669 3877 762 3952 putria
781 3876 939 3953 expulerat,
952 3878 1027 3935 bona
1045 3877 1212 3954 diripuerat,
1225 3880 1344 3939 domum
1363 3881 1404 3937 in·

388 3974 571 4044 ascenderat,
596 3974 708 4043 liberos
733 3972 884 4049 eonjugem
910 3990 1003 4031 meam
1030 3983 1158 4045 nemrot,
1186 3972 1239 4033 Cn.
1265 3974 1404 4053 Pompn'o

429 4070 570 4129 nefarium
602 4068 710 4127 bellum
738 4068 894 4138 indixerat,
921 4060 1137 4145 magistratuum
1170 4070 1403 4147 privatorumque

429 4166 529 4225 medes
555 4163 698 4236 effeoerat,
723 4164 840 4223 domum
865 4163 921 4223 mei
954 4162 1051 4223 fratrIs
1077 4164 1251 4239 incenderat,
1279 4176 1405 4227 mus
