3317 4984
489 552 553 598 eno
573 553 601 596 r.
621 552 723 597 struto
743 551 877 612 morte,
898 554 968 598 css.
988 554 1018 598 v.
1202 533 1260 596 817

243 712 333 772 molta
345 722 420 785 snnt,
432 722 511 773 esrte
523 711 595 772 illud
607 723 651 772 est
662 731 720 774 non
733 713 818 774 modo
826 714 947 791 justum,
957 729 1058 772 rerum
1071 713 1158 774 etism
1171 729 1222 772 ne·

244 811 406 881 senserim
420 827 509 885 quum
528 811 558 867 ri
578 809 623 868 vis
642 809 722 870 illata
734 810 904 870 defenditur.
945 809 1118 870 Pudicitiam
1132 827 1220 886 quum

243 906 368 980 eriperet
380 905 464 962 militi
477 905 608 964 tribunus
620 905 751 966 militaris
764 907 795 965 in
808 907 938 966 exercitu
953 905 987 967 C.
1000 905 1097 978 Marii,
1106 906 1221 984 propin·

243 1019 317 1077 qnns
336 1000 400 1075 ejus
419 1001 605 1077 inperatoris,
618 1002 783 1060 interfectus
802 1004 841 1062 ab
860 1021 895 1062 eo
914 1011 967 1074 est,
980 1004 1026 1062 oui
1040 1003 1099 1061 vim
1120 1001 1221 1062 affere·

243 1099 310 1165 bet3
327 1095 423 1156 ittera
442 1097 519 1156 enim
532 1099 639 1174 probus
658 1098 823 1158 adolescens
836 1099 994 1178 periculose
1007 1115 1094 1176 quem
1108 1097 1219 1176 perpeti
1242 1111 1258 1159 t

244 1192 367 1268 turpiter
379 1191 488 1250 maluit
520 1193 621 1268 Atque
632 1193 708 1252 buno
720 1193 770 1252 ills
783 1211 910 1253 summus
924 1195 970 1252 vir
978 1195 1085 1254 scelere
1096 1195 1219 1254 solutum

244 1288 370 1365 periculo
382 1287 523 1347 bberavit
558 1289 604 1347 10.
621 1287 785 1350 Insidiatori
798 1309 868 1350 vero
881 1299 910 1350 et
922 1291 1025 1352 labeni
1038 1309 1112 1368 quse
1126 1301 1221 1370 potest

244 1384 342 1443 inferri
355 1384 461 1461 injusta
473 1382 555 1446 nexi
595 1384 673 1460 Quid
692 1387 844 1448 semitatus
863 1390 961 1460 nostri,
974 1389 1042 1466 quid
1062 1387 1149 1466 gladii
1169 1405 1220 1448 vo·

244 1479 330 1539 lunt?
350 1499 421 1556 qnos
440 1479 546 1540 babere
564 1489 643 1542 terte
662 1501 720 1542 non
738 1483 884 1556 liseretsi
905 1486 947 1544 uti
966 1485 1023 1544 fllis
1039 1483 1119 1544 nullo
1136 1491 1220 1562 pacto

245 1577 351 1636 lioeret
393 1575 448 1635 Est
466 1577 554 1656 igitur
571 1579 652 1652 bees,
667 1579 788 1655 judiees,
799 1599 858 1640 non
878 1583 991 1660 seripts,
1004 1581 1055 1642 sed
1074 1589 1143 1642 nata
1162 1583 1219 1654 lex,
1229 1591 1260 1642 10

245 1691 331 1748 quem
351 1691 409 1732 uon
427 1673 584 1745 didicimus,
601 1675 772 1754 seospimns,
791 1676 921 1755 legimus,
941 1695 1041 1738 verum
1061 1695 1100 1737 ex
1119 1689 1222 1738 nsttua

245 1769 308 1845 ipss
320 1769 499 1846 arripuimus,
512 1770 667 1843 hausimus,
680 1773 882 1848 expressimus,
896 1773 934 1833 sd
954 1791 1039 1850 qnam
1059 1791 1116 1832 non
1136 1772 1221 1844 dotti,

245 1865 1064 1942 sedfsotinonimtitudsedimbutimmusutsivita
1081 1869 1221 1930 nosbaiu

245 1962 354 2038 aliquas
368 1961 493 2034 insidins,
507 1961 574 2020 siin
588 1964 648 2021 vim
660 1973 690 2022 et
702 1966 733 2022 iu
746 1965 805 2024 tela
817 1975 869 2024 aut
882 1967 1023 2025 latronum
1036 1975 1085 2026 aut
1095 1965 1221 2026 inimieo-

246 2075 310 2116 rum
322 2057 474 2128 incidisset,
483 2058 575 2116 omnis
588 2059 708 2118 honesta
719 2062 794 2120 ratio
810 2072 885 2120 esset
901 2061 1097 2138 expediendae
1111 2061 1219 2122 saisitis
1229 2075 1260 2124 lt

248 2151 339 2214 Sileut
351 2153 426 2210 enim
440 2153 517 2232 leges
530 2153 606 2212 inter
618 2171 699 2214 arma
710 2173 765 2216 neo
775 2153 818 2216 ¹se
832 2155 994 2236 exspectari
1010 2155 1120 2234 jubent,
1134 2173 1222 2234 quam

245 2251 282 2321 ei,
294 2251 344 2326 qui
364 2260 531 2327 exspectare
551 2251 631 2323 velit,
643 2259 711 2311 aute
731 2253 836 2330 injusta
856 2273 947 2331 poena
967 2253 1073 2314 luenda
1085 2255 1122 2314 sit
1135 2271 1222 2331 quem

241 2345 322 2424 juste
334 2347 495 2424 repetenda.
537 2349 584 2406 11.
603 2345 680 2408 'Etsi
698 2351 895 2427 persapienter
914 2359 943 2410 et
962 2351 1169 2428 quodammodo
1181 2361 1223 2410 ts·

246 2443 301 2502 eite
321 2443 371 2502 dat
391 2443 452 2520 ipsa
471 2443 520 2503 lex
539 2454 709 2522 potestatem
728 2445 908 2520 defendendi,
921 2463 994 2525 quse
1008 2465 1065 2508 uon
1078 2446 1223 2506 hominem

245 2539 344 2610 occidi,
357 2539 408 2598 ssd
427 2557 490 2598 esse
509 2558 576 2599 eum
594 2539 652 2600 telo
671 2541 793 2600 bominis
804 2541 959 2602 ootidendi
973 2561 1059 2602 eausa
1072 2551 1158 2614 vetat,
1170 2539 1263 2614 ‘utut

245 2653 335 2710 quum
347 2653 442 2707 oense,
454 2653 513 2694 uon
526 2635 615 2695 telum
628 2647 821 2714 quaereretur,
835 2639 884 2715 qui
897 2637 941 2698 sni
953 2637 1124 2698 defendendi
1137 2631 1224 2698 sensi

246 2731 303 2789 telo
315 2741 391 2790 esset
404 2747 480 2802 usus,
493 2749 549 2790 non
569 2733 691 2792 bominis
710 2733 857 2792 ooeideudi
876 2751 962 2794 eausa
981 2733 1114 2794 habuisse
1134 2735 1223 2792 selum

241 2827 426 2904 judiearetur.
468 2827 652 2906 Quapropter
662 2827 728 2888 ‘boe
740 2837 857 2890 maneat
869 2831 899 2888 in
912 2847 1006 2901 osnes,
1015 2829 1146 2906 judiees;
1165 2849 1222 2888 non

245 2925 322 2984 euim
341 2924 448 2995 dubito,
460 2925 532 3000 quin
552 2928 721 3002 probaturus
741 2927 796 2984 sim
816 2927 898 2985 robis
912 2925 1105 2986 defensionem
1119 2945 1221 2998 meam,

245 3021 269 3078 si
284 3021 313 3078 id
326 3021 520 3093 memineritis,
530 3021 609 3097 qnod
621 3021 751 3081 oblivista'
764 3039 822 3082 non
836 3022 961 3100 potestis,
974 3021 1166 3081 insidiatorem
1179 3023 1221 3081 in·
1229 3035 1261 3084 tt

246 3117 335 3175 terdei
347 3116 411 3193 jure
424 3133 515 3194 posse

284 3212 322 3270 V.
364 3213 410 3271 12.
420 3209 569 3290 ¹Seqnitnr
581 3213 660 3286 illud,
672 3213 749 3290 quod
761 3233 780 3275 a
792 3213 910 3274 Milonis
923 3213 1045 3273 inimicis
1058 3213 1223 3290 saepissime

245 3310 357 3382 dieitur,
370 3309 495 3380 medem,
508 3311 607 3386 inqua
621 3309 657 3369 P.
672 3309 789 3371 Clodius
805 3311 914 3370 ooeisus
932 3319 985 3380 est,
998 3319 1129 3370 senatum
1145 3309 1223 3386 judi·

245 3427 333 3479 essse,
345 3405 455 3466 ’ronna
466 3425 528 3467 rem
542 3409 686 3486 publioam
699 3426 762 3468 esse
774 3407 886 3467 festam.
927 3406 1012 3466 Illam
1026 3425 1095 3466 vero
1108 3417 1223 3468 senem

245 3523 301 3562 non
326 3504 473 3564 sententiis
496 3505 555 3562 suis
575 3505 677 3576 solnm,
699 3505 751 3569 sed
775 3505 862 3563 etiam
883 3499 994 3562 'studiis
1018 3503 1220 3580 oomprobsvit.
1229 3513 1262 3564 tu

246 3597 366 3674 Quoties
384 3600 461 3658 enim
481 3608 526 3660 est
544 3601 594 3660 illa
613 3619 701 3660 oense
718 3619 738 3660 n
756 3603 839 3660 nobis
858 3611 924 3660 scta
937 3601 966 3658 iu
980 3598 1098 3658 senatu!
1118 3599 1222 3674 quibus
1313 3658 1317 3668 ,

244 3697 454 3756 assensionibus
467 3698 591 3755 universi
604 3697 731 3756 ordinisl
749 3717 835 3773 qnam
849 3715 903 3756 nee
916 3695 1009 3756 teritis
1022 3713 1075 3754 neo
1087 3693 1221 3754 ostultisl

246 3790 369 3867 Quando
387 3795 465 3853 euim
484 3793 713 3870 frequentissimo
733 3805 834 3852 senatu
855 3805 987 3870 quattuor
1006 3801 1056 3851 aut
1079 3807 1222 3849 mmmum

245 3889 372 3964 quinque
391 3889 595 3960 sentimenti,
615 3891 665 3966 qui
685 3889 804 3948 Milonis
823 3907 939 3948 seusam
963 3907 1020 3948 non
1046 3883 1223 3966 probarent?

244 3982 413 4043 ⁴Deelsrunt
431 3984 517 4062 hujus
536 3986 659 4045 ambusti
682 3986 790 4046 tribum
813 3985 906 4064 plebis
928 3985 994 4046 sslss
1018 3987 1261 4045 intermonnnstt

245 4081 398 4152 oontiones,
407 4081 510 4156 quibus
524 4081 650 4157 quotidie
662 4099 758 4140 meum
769 4081 926 4160 potentiam
940 4079 1078 4140 invidiose
1092 4077 1223 4140 erimina·

245 4175 337 4248 batur,
351 4193 439 4252 quum
452 4175 560 4236 dioeret
572 4184 704 4236 smtmm
715 4195 774 4238 uon
786 4177 863 4255 quod
876 4175 1003 4250 sentiret,
1016 4177 1067 4236 sed
1079 4175 1156 4254 quod
1169 4191 1224 4256 ego
