3317 4984
370 548 427 607 290
695 562 871 608 amsnonun
892 562 1076 609 cmssoms

408 724 606 803 suspirassent,
629 730 728 802 postea
748 723 810 801 jam
832 742 957 802 gamana,
979 724 1018 784 ad
1039 734 1203 784 extremum
1228 743 1300 784 varo
1319 724 1402 802 loqui

408 838 506 881 omnes
520 829 549 879 at
562 820 687 880 clamare
707 830 870 897 nosperunt„
909 820 937 880 3.
957 820 1063 897 Itaque
1083 820 1132 879 ills
1150 817 1275 881 ‘amicus
1294 830 1401 893 noster,

408 916 532 975 insolens
553 914 696 987 infamiae,
718 932 833 992 semper
852 912 893 973 'in
916 916 1002 975 lauda
1027 925 1170 988 versatus,
1196 916 1401 975 nucumfluem

408 1012 508 1089 gloria,
520 1007 715 1070 ¹⁰deformatus
737 1028 865 1087 sarpam,
885 1010 994 1070 fractus
1018 1012 1123 1083 animo,
1136 1031 1194 1089 quo
1216 1032 1249 1071 se
1270 1012 1401 1071 conferat

382 1107 512 1169 suescit:
523 1103 928 1183 ”prognassumpraenipitam
936 1106 1142 1166 inaonstantem
1150 1106 1399 1167 ”redimmvidetz

407 1204 496 1262 bonos
516 1202 644 1261 inimioos
664 1202 760 1273 habet,
780 1202 925 1279 impmbos
943 1203 1020 1279 ipsos
1040 1222 1097 1261 non
1109 1204 1228 1262 amians.
1269 1203 1319 1262 Ac
1331 1205 1398 1263 vids

407 1299 556 1357 mollitiem
565 1294 681 1357 ”animi
722 1296 790 1355 Non
801 1298 881 1357 tenui
891 1298 1030 1371 lacrimas,
1041 1318 1130 1375 quum
1140 1300 1223 1357 illum
1234 1318 1261 1357 a.
1270 1300 1298 1357 d
1308 1299 1396 1357 VIII

409 1393 477 1453 Kal.
499 1392 580 1453 Sexi.
595 1393 653 1451 vidi
675 1392 712 1452 da
732 1392 832 1453 edictis
852 1392 953 1453 Bibuli
970 1394 1189 1454 contionantem.
1232 1394 1294 1471 Qui
1313 1406 1398 1455 antea

408 1490 507 1551 solitus
527 1498 603 1550 assat
617 1488 729 1566 jactare
749 1508 780 1549 ss
800 1491 1080 1567 magnilinantiasime
1092 1492 1143 1551 illo
1155 1492 1187 1549 in
1198 1492 1273 1563 loeo,
1286 1510 1398 1551 summo

371 1597 474 1647 locum
494 1604 591 1646 amora
611 1584 717 1663 populi,
731 1585 840 1644 sunnis
853 1584 1024 1657 faventibus,
1036 1586 1132 1645 atille
1144 1596 1206 1645 tum
1226 1588 1354 1659 humilis
1366 1598 1397 1645 ιιι

408 1682 548 1741 demissus
567 1691 638 1754 anat,
658 1690 690 1740 ut
709 1682 772 1758 ipss
792 1682 880 1740 etiam
894 1681 957 1754 sui,
969 1700 1025 1740 non
1038 1682 1076 1740 iis
1089 1683 1190 1754 solnm,
1203 1683 1255 1758 qni
1269 1683 1398 1753 aderant,

408 1777 591 1855 displioebull
633 1777 660 1835 4,
680 1774 915 1855 Ospsutaeulum
928 1778 979 1836 uni
998 1774 1124 1837 ”Crasso
1138 1776 1312 1854 jucundum,
1324 1788 1399 1837 oete·

408 1875 448 1933 ris
461 1894 518 1933 non
537 1873 624 1933 iteml
652 1892 727 1946 nam,
741 1870 830 1949 ¹'quia
849 1873 995 1933 decidenst
1015 1892 1054 1933 ax
1077 1875 1170 1945 astris,
1190 1872 1290 1951 lapsus
1310 1894 1398 1951 quam

409 1988 575 2047 progressus
589 1970 682 2047 potius
696 1970 865 2039 videbatur3
885 1980 923 2041 at,
938 1980 969 2028 ut
982 1970 1111 2047 Apelles,
1121 1970 1147 2029 si
1159 1966 1339 2042 ”venerem
1348 1980 1398 2030 aut

371 2080 401 2128 ιι
409 2067 433 2125 si
456 2066 634 2145 Protogenes
657 2066 786 2144 Ialysum
811 2065 892 2123 illum
915 2084 999 2125 suum
1021 2084 1109 2125 noenu
1131 2066 1253 2125 oblitum
1276 2067 1399 2138 viduas,

408 2180 553 2239 magnum,
573 2162 665 2234 mado,
685 2162 827 2238 annipeoet
846 2161 981 2232 dolooem,
994 2162 1036 2220 sia
1055 2179 1111 2237 ego
1129 2162 1207 2220 hunc
1226 2162 1361 2221 ommium
1380 2180 1400 2220 a

407 2278 454 2317 me
474 2258 581 2335 pictum
602 2268 631 2316 st
650 2258 769 2335 politum
789 2258 860 2315 artis
874 2258 1015 2316 uolonibus
1028 2259 1122 2316 subito
1134 2256 1329 2317 deformatum
1342 2278 1399 2317 non

408 2354 470 2413 sins
490 2372 595 2430 magno
614 2354 712 2412 dolore
725 2354 794 2411 vidi
838 2352 1022 2429 Quamquam
1034 2373 1119 2413 nemo
1131 2356 1261 2431 putabat,
1281 2365 1400 2432 propter

410 2448 581 2510 Clodianum
590 2450 746 2527 negotium,
753 2468 799 2508 ms
807 2449 851 2507 illi
857 2450 981 2509 uminum
992 2468 1053 2509 asse
1061 2450 1181 2519 dabam
1193 2458 1296 2510 nmen
1304 2461 1398 2509 tantm

368 2544 765 2616 animumanimumum
779 2546 859 2604 nulla
868 2556 964 2623 posset
973 2545 1087 2622 injuria
1127 2546 1233 2623 Itaque
1242 2543 1399 2607 l'Au-chilo·

407 2642 473 2701 chia
486 2642 516 2699 in
529 2640 610 2699 illum
624 2640 716 2700 edicta
730 2640 828 2699 Bibuli
842 2640 947 2719 populo
960 2642 1002 2701 ita
1014 2650 1080 2700 sunt
1088 2640 1226 2717 jucunda
1236 2652 1270 2701 nt
1279 2662 1347 2701 aum
1359 2643 1399 2703 ln·

407 2756 481 2811 cum,
503 2738 552 2797 ubi
577 2746 782 2815 proponuntur,
804 2754 875 2814 praa
895 2736 1077 2796 multitudine
1095 2756 1203 2809 eorum,
1217 2738 1268 2814 qui
1291 2740 1397 2816 legunt,

408 2836 695 2910 transirsnequaam:
715 2833 769 2909 ipsi
778 2832 817 2890 ila
826 2834 938 2905 acerba,
947 2835 1113 2892 utlabesuat
1122 2834 1238 2892 dolona:
1256 2835 1400 2893 mihima·

407 2931 525 2991 hercule
533 2930 660 3001 molesta,
668 2928 745 3005 quod
754 2936 783 2986 et
791 2946 865 3000 eum,
874 2946 960 3005 quam
969 2947 1083 3006 semper
1090 2928 1188 3002 dilexi,
1197 2930 1285 2988 nimis
1296 2948 1399 2989 excru‹

289 3100 294 3109 ¹
368 3020 528 3100 nnciansset
536 3030 631 3099 timeo,
639 3034 698 3083 tam
708 3008 1040 3100 venemensvirtamque
1051 3024 1397 3085 naerinferroettamin·

407 3132 506 3185 suetus
520 3120 715 3193 nontumeliaa,
729 3138 766 3178 ne
780 3119 858 3178 omni
871 3119 960 3177 animi
971 3118 1079 3195 impetn
1089 3120 1179 3178 dolori
1190 3129 1221 3179 et
1230 3122 1397 3181 iracundian

406 3226 515 3295 pareat.
556 3218 583 3275 5.
609 3216 708 3275 Bibuli
729 3216 778 3291 qui
800 3214 837 3273 sit
856 3214 952 3272 exitus
971 3213 1093 3285 sumnus,
1112 3216 1217 3274 nasein
1258 3216 1304 3275 Ut
1323 3236 1397 3276 nunc

406 3333 456 3373 nes
476 3332 507 3373 ss
527 3314 622 3387 habnt,
635 3312 796 3373 admirabili
817 3310 909 3388 glosis
928 3318 981 3368 aas
1022 3308 1101 3384 Quin
1121 3330 1211 3387 quum
1231 3312 1349 3371 comitia
1366 3314 1395 3370 in

406 3432 535 3473 mensem
555 3413 707 3475 Octobrem
721 3412 886 3482 distulisset,
896 3408 973 3484 quod
986 3407 1057 3465 solat
1071 3426 1106 3465 aa
1118 3424 1165 3465 ras
1178 3408 1277 3485 populi
1298 3408 1396 3467 volun·

368 3518 497 3570 notatam
517 3508 669 3581 offendere,
689 3516 804 3589 putarat
826 3504 935 3565 caesar
955 3503 1083 3561 oratione
1104 3520 1157 3561 sua
1183 3522 1269 3580 possa
1289 3504 1395 3581 impelli

408 3610 575 3683 contionem,
589 3618 621 3669 ut
640 3610 694 3669 irat
713 3606 771 3668 ¹⁸ad
793 3607 950 3667 Bibulum:
970 3603 1061 3660 multa
1074 3618 1162 3675 quum
1182 3602 1395 3661 seditiosissime

407 3708 523 3781 diuersi,
536 3726 636 3767 vocem
650 3708 812 3785 exprimere
823 3724 880 3763 non
894 3702 994 3780 poluit„
1037 3697 1114 3772 Quid
1125 3694 1265 3772 quaeris?
1303 3694 1397 3758 ¹’Seu-

407 3807 482 3867 liunt
497 3826 527 3865 ss
541 3808 648 3866 nullam
663 3808 748 3867 ullius
766 3806 856 3884 pariis
870 3804 1047 3863 volunlatem
1066 3810 1183 3864 tenens3
1203 3814 1238 3853 eo
1251 3796 1344 3871 magis
1355 3796 1396 3853 vis

366 3888 377 3907 ’
407 3904 546 3963 nobisast
560 3904 692 3963 timenda
736 3902 762 3959 6.
785 3900 902 3961 Clodius
917 3894 1204 3955 iuimimnssstnobis.
1237 3888 1395 3967 Pompeius

367 4000 556 4060 sunoniirmal
569 3996 656 4058 ”eum
669 3996 741 4055 nihil
754 4014 817 4055 assa
830 3995 972 4053 facturum
987 4000 1087 4051 eontra
1099 4008 1154 4048 ma
1194 3988 1273 4047 Mihi
1286 3987 1395 4063 pericu·

404 4096 499 4156 losum
517 4104 563 4155 ast
582 4094 718 4154 easdam
738 4092 775 4152 ad
794 4090 985 4151 maistandum
1005 4106 1053 4147 ma
1072 4106 1152 4165 pain
1196 4084 1300 4147 Studia
1313 4102 1395 4159 spen>

370 4190 1395 4290 'affl
