3317 4984
360 518 421 577 296
687 528 864 575 amarem
884 528 1066 575 moeroris.

400 696 486 755 totius
499 694 605 771 negotii
620 710 717 769 posses
731 692 856 751 scribere
867 714 876 760 t
895 690 950 751 etsi
963 690 1103 769 Dexippo
1115 712 1232 770 quoquc
1244 698 1287 755 ita
1298 696 1405 773 impe-

400 791 472 863 rari,
491 790 585 849 statim
608 790 665 847 huc
685 796 719 845 ut
737 788 1003 856 occurramctad
1020 786 1140 848 statrcm
1155 792 1405 859 misiutcrebm

400 890 562 949 tabellarios
583 888 716 947 mitteret
757 884 838 943 Nam
857 904 912 961 ego
932 904 968 944 eo
987 886 1102 945 nomine
1121 905 1186 945 sum
1213 886 1407 965 Dyrrhachii

399 986 453 1045 hoc
474 994 610 1061 tempore,
624 992 656 1041 ut
669 1000 756 1057 quam
766 980 925 1052 celerrime,
937 981 1008 1057 quid
1019 990 1133 1058 agatur,
1146 982 1273 1055 audiam,
1282 994 1313 1043 ct
1327 1000 1405 1041 aum

374 1090 478 1151 stuto3
512 1080 612 1139 civitas
633 1078 709 1137 enim
728 1078 801 1136 hacc
820 1094 1038 1153 semperame
1057 1076 1177 1137 defensa
1195 1088 1249 1137 ut.
1291 1078 1405 1153 Quum

398 1174 516 1237 ⁸inimici
530 1176 618 1233 nostri
633 1174 732 1232 venire
746 1173 887 1245 dicentur,
897 1182 959 1231 tum
970 1172 1002 1230 in
1016 1172 1140 1250 Epirum
1155 1174 1211 1234 ibo.
1252 1175 1282 1232 5.
1303 1174 1403 1249 Quod

399 1274 498 1334 scribis
518 1280 556 1345 te,
570 1272 593 1329 si
614 1270 709 1341 velim,
723 1270 760 1327 ad
780 1279 1010 1327 mercaturam:
1030 1287 1086 1347 ego
1099 1288 1179 1343 vero,
1191 1290 1283 1347 quum
1300 1273 1402 1331 sciam

398 1388 532 1447 magnam
554 1376 664 1445 partem
686 1366 766 1423 istius
789 1365 885 1423 oneris
906 1366 958 1423 aba
980 1373 1010 1423 te
1034 1366 1176 1440 sustineri,
1189 1378 1220 1425 tc
1241 1368 1308 1426 istic
1328 1386 1401 1427 esse

399 1466 472 1525 volo.
514 1462 546 1524 Si
560 1462 694 1541 perficitis
708 1460 784 1537 quod
797 1460 891 1539 agitis,
903 1478 952 1519 me
965 1460 1003 1519 ad
1016 1479 1069 1519 vos
1081 1464 1183 1521 venire
1195 1472 1327 1539 oportet3
1350 1466 1400 1523 sin

361 1574 392 1623 to
402 1572 498 1620 autem
507 1591 628 1605 -—
636 1558 685 1615 scd
699 1556 770 1615 nihil
783 1576 855 1635 opus
868 1564 914 1615 est
926 1555 1038 1633 reliqua
1051 1556 1185 1617 scribere.
1225 1559 1278 1617 Ex
1290 1560 1400 1637 primia

398 1666 449 1717 aut
460 1654 612 1715 ⁹summurn
626 1654 757 1712 secundis
770 1653 873 1711 litteris
887 1652 944 1710 tuis
956 1654 1130 1711 constituere
1144 1655 1312 1731 poterimus,
1321 1654 1400 1731 quid

398 1754 480 1813 nobis
499 1750 660 1811 faciendum
681 1750 725 1807 sit.
765 1748 812 1807 Tu
826 1748 963 1807 modoad
977 1767 1024 1807 me
1038 1744 1148 1807 ”velim
1161 1750 1259 1807 omnia
1271 1750 1400 1828 diligen-

398 1848 505 1907 tissime
525 1846 701 1925 perscribam
722 1844 776 1904 etsi
796 1844 888 1921 magis
903 1844 967 1921 jam
986 1840 1167 1920 ¹1remquam
1176 1846 1288 1904 litteras
1301 1847 1402 1905 debeo

399 1952 575 2021 exspectare.
618 1940 704 2015 Cura,
724 1948 756 1999 ut
775 1941 874 1999 valeas
896 1948 927 1998 ct
946 1940 988 1999 ita
1005 1940 1057 1999 tibi
1079 1940 1264 2017 pen-suadeas
1277 1941 1352 1999 mihi
1366 1949 1401 2001 te

361 2040 495 2101 lacarias
517 2038 589 2097 nihil
612 2056 674 2097 esse
694 2054 748 2095 nco
768 2055 895 2113 unquam
914 2036 1011 2095 inissa
1053 2034 1138 2107 Vale,
1158 2055 1228 2095 mea
1246 2036 1401 2106 Terentia,

400 2152 487 2211 quam
501 2152 554 2211 ego
568 2134 667 2191 vidoro
681 2132 789 2203 videor,
803 2117 901 2207 itaqne
915 2130 1047 2190 debilitor
1060 2132 1196 2191 lam-imis.

439 2227 523 2287 Vale.
564 2226 665 2287 Pridie
680 2226 829 2287 Kalendas
844 2226 1030 2286 Decembres.

668 2554 940 2617 EPISTOLA
978 2554 1080 2615 lx.·

625 2710 689 2775 (ser.
701 2722 757 2779 pou
768 2714 866 2765 insum
877 2714 935 2763 mu
947 2713 980 2763 a.
994 2712 1026 2765 u.
1037 2712 1067 2765 c.
1079 2708 1146 2773 oa)

556 2840 743 2893 aucam
774 2840 1199 2895 murmurmurmur

450 2984 521 3039 cocu.
533 2984 563 3035 P.
576 2984 738 3036 comptus
754 2984 906 3036 errrcus
923 2984 1077 3047 snum,
1095 2985 1127 3048 Q.
1145 2986 1307 3039 cancrum

734 3064 890 3115 Μηιηυι
905 3064 1005 3117 Nanos.

391 3206 512 3259 Kalendis
528 3204 652 3257 ianuariis
671 3207 792 3258 lentulus
811 3206 930 3273 Spinther
945 3224 995 3259 coa
1008 3209 1039 3261 de
1050 3211 1188 3261 revocando
1200 3208 1256 3262 Cic.
1268 3212 1296 3260 in
1306 3221 1395 3261 senatu

360 3302 433 3353 egem
443 3288 531 3352 coepit,
543 3286 714 3351 adjuvantibus
725 3286 775 3337 lere
786 3289 900 3339 omnium
912 3288 1015 3340 mlbnnia
1027 3290 1113 3354 plebia,
1125 3291 1151 3339 in
1162 3290 1250 3355 primia
1260 3290 1293 3341 P.
1305 3290 1393 3341 Sextio

360 3376 386 3415 ct
397 3365 426 3416 Τ.
441 3366 525 3415 Annio
537 3364 639 3415 Milone.
672 3366 719 3416 Hir
730 3368 817 3417 studiis
828 3368 943 3419 effectum
954 3377 1036 3429 estut
1043 3370 1151 3434 primum
1160 3368 1188 3420 S.
1198 3368 1276 3420 ctum
1284 3371 1393 3420 emo·

360 3444 414 3509 ejus
424 3444 510 3506 mute,
521 3445 608 3495 deinde
619 3444 662 3495 lex
672 3446 704 3495 do
714 3460 744 3496 co
760 3448 898 3498 revocando
916 3448 948 3498 ad
965 3448 1086 3513 populum
1105 3448 1157 3497 leta
1173 3449 1238 3512 prid.
1249 3448 1318 3499 Non.
1331 3450 1393 3500 Sex·

361 3525 396 3575 til.
408 3526 520 3577 omnium
531 3528 695 3579 centuriarum
705 3544 826 3583 consensu
837 3533 932 3597 perlata
940 3540 984 3583 ert
1018 3530 1115 3581 Fodcm
1120 3530 1163 3579 die
1171 3528 1225 3579 Cic.
1234 3528 1392 3594 Dyrrhachio

360 3604 483 3670 proiectus
499 3606 577 3659 Nonis
595 3608 684 3660 sextil.
701 3610 1054 3666 TulliaonataliBrundirinm
1061 3615 1135 3665 venit
1165 3612 1229 3661 Inde
1238 3610 1391 3677 pcrItaliam

361 3686 473 3736 omnium
484 3692 681 3756 municipiorum,
693 3694 907 3758 praefecturarum,
920 3697 1073 3748 coloniarum
1086 3711 1184 3745 summa
1192 3691 1360 3761 gratulatione
1368 3698 1391 3739 et

360 3762 450 3827 plausu
469 3778 584 3831 exceptus
604 3768 711 3821 Remum
730 3774 797 3822 venit
814 3773 877 3837 prid.
890 3772 955 3823 Non.
970 3772 1037 3839 Sept
1051 3774 1173 3824 Postridie
1187 3771 1293 3829 senatui,
1305 3766 1391 3817 deinde

360 3844 462 3909 populo,
474 3848 590 3897 poncione
602 3864 617 3898 a
628 3851 768 3901 consulibus
779 3852 840 3901 data
855 3852 945 3916 grados
955 3855 1015 3918 ogit
1047 3852 1114 3903 Prid.
1125 3852 1184 3903 Kal.
1194 3851 1251 3903 Oct
1262 3849 1316 3901 (iic.
1325 3846 1390 3912 apid

361 3925 487 3988 pontifices
509 3943 553 3991 pro
571 3929 645 3979 domo
662 3930 728 3981 dicit
761 3930 860 3983 Domus
879 3934 906 3981 in
924 3932 1030 3996 Palatio,
1049 3932 1194 3983 Tusculana
1213 3940 1240 3983 et
1256 3928 1389 3980 romam

361 4004 429 4067 rilla,
440 4008 545 4070 pecunie
556 4008 661 4073 publica,
673 4012 844 4061 aestimatione
854 4011 927 4073 tecm
939 4012 1091 4063 aedifloenda
1100 4012 1204 4063 locatur.

743 4160 1001 4213 *aeneum
