3317 4984
665 548 697 592 rr.
718 548 832 593 usuro.
1196 532 1254 592 303

200 726 294 785 qnam
309 708 487 786 sapientias
497 716 564 769 toas
576 730 584 779 ;
604 710 647 768 sin
658 710 737 780 baec,
747 728 822 786 quae
832 711 922 771 ceteri
934 710 1082 782 miranuu,
1092 716 1216 769 ocnoem·

199 804 304 865 nenda
318 806 453 879 duximi,
467 815 504 879 et,
518 822 607 881 quum
620 824 674 882 per
687 806 882 866 valetudinem
895 826 1000 885 posses,
1010 806 1109 865 venire
1119 814 1215 864 nmen

199 901 337 973 noluisti,
352 900 529 979 ¹utrumqne
550 901 648 972 laetor,
662 910 692 959 et
710 902 772 959 sinc
791 902 888 962 dolore
902 904 1029 979 corporis
1042 911 1071 959 ta
1084 898 1172 959 fnisse
1186 910 1216 959 et

200 997 304 1057 annno
320 998 470 1070 valuisse,
484 1014 573 1075 quum
592 1014 724 1072 eaquae
743 997 805 1055 sinc
818 1016 905 1056 causa
924 998 1064 1055 mirantum
1077 996 1134 1067 clii,
1147 1014 1215 1073 neg-

199 1092 339 1161 lexeris;
361 1090 468 1153 ³modo
488 1104 519 1152 ut
539 1093 591 1151 tibi
609 1092 765 1152 constiterit
777 1090 886 1152 irnctns
899 1094 950 1153 otii
963 1093 1014 1165 tui,
1027 1110 1084 1168 quo
1095 1092 1212 1167 quidem
1237 1106 1253 1153 o

200 1189 256 1247 tibi
264 1189 391 1266 perfrui
400 1191 524 1249 mirifice
534 1189 622 1261 licuit,
633 1206 721 1265 quum
731 1207 809 1248 esses
823 1190 853 1247 in
862 1186 929 1249 ista
939 1190 1111 1248 amoenitate
1121 1206 1214 1265 paene

200 1286 284 1343 solus
299 1288 442 1347 relictus.
483 1287 588 1362 Neque
607 1294 705 1344 umen
722 1285 828 1358 dubito,
842 1287 910 1361 quin
924 1294 954 1344 tn
969 1305 1009 1344 ex
1021 1286 1071 1343 illo
1084 1285 1214 1344 cubiculo

201 1390 263 1453 tuo,
277 1400 320 1439 ex
335 1401 404 1459 quo
418 1384 471 1443 tibi
483 1380 664 1443 6Stabianum
678 1380 829 1459 perforasti
842 1392 871 1440 et
884 1380 1042 1459 patefecisti
1056 1380 1213 1453 Misenum,

203 1496 257 1553 per
272 1496 327 1536 eos
338 1479 410 1538 dies
421 1480 561 1537 matutina
568 1487 698 1554 tempora
708 1476 884 1536 lectiunculis
895 1477 1112 1553 consumpseris,
1121 1494 1213 1551 quum

201 1568 257 1630 ‘illi
270 1574 408 1647 interca,
422 1576 472 1651 qui
490 1584 519 1633 te
533 1574 595 1633 istic
608 1572 793 1649 reliquerunt,
808 1581 970 1649 spectarent
983 1590 1147 1630 communes
1159 1572 1212 1629 mi·
1221 1583 1251 1632 1⁰

203 1688 268 1728 mos
282 1672 471 1729 semisomni.
512 1670 650 1745 Reliquas
664 1686 734 1728 vero
747 1677 844 1746 partes
857 1668 915 1728 diei
929 1677 960 1725 tu
975 1668 1163 1727 consumebas
1175 1668 1211 1725 iis

205 1756 469 1837 delectationibus,
482 1785 553 1841 quas
567 1766 618 1823 tibi
631 1766 693 1843 ipse
707 1765 745 1824 ad
758 1766 908 1823 arbitrium
918 1774 999 1822 tuum
1012 1781 1211 1839 compararas3

205 1862 290 1919 nobis
306 1872 415 1921 autem
426 1872 507 1921 eram
527 1880 563 1920 ea
582 1862 777 1938 perpetienda,
791 1875 867 1937 quae
880 1860 988 1919 seilicet
1004 1858 1054 1936 Sp.
1068 1855 1211 1917 'Maecius

206 1956 410 2033 probavisset.
452 1958 479 2015 2.
500 1955 633 2029 Omnino,
653 1958 677 2015 si
697 1958 820 2033 quaeris,
841 1957 901 2015 ludi
921 1955 1139 2033 apparatissimi,
1160 1955 1211 2013 sed

208 2070 266 2109 non
281 2053 328 2110 tui
343 2053 506 2121 stomachis
526 2052 718 2129 conjecturam
731 2052 809 2111 enim
819 2051 894 2111 facio
903 2052 940 2110 de
951 2070 1023 2110 mec
1063 2050 1141 2109 Nam
1150 2050 1208 2127 pri·
1218 2065 1249 2113 lt

209 2166 291 2207 mum
303 2145 441 2209 ‘honoris
455 2168 541 2209 causa
553 2150 583 2207 in
602 2167 717 2207 menam
729 2149 874 2207 redierant
886 2148 916 2220 ii,
930 2167 1002 2223 qnos
1016 2166 1071 2225 ego
1083 2142 1210 2207 ⁰honoris

211 2262 301 2303 causa
323 2246 366 2304 de
392 2264 478 2325 scena
499 2246 653 2305 decessisse
676 2245 846 2303 arbitrabar.
888 2244 1019 2303 Deliciae
1043 2263 1114 2303 vero
1133 2254 1210 2317 tuae,

211 2350 311 2399 noster
325 2341 474 2419 Aesopus,
487 2341 626 2417 ejusmodi
639 2340 701 2413 fuit,
715 2349 747 2399 ut
762 2342 789 2399 ei
803 2341 935 2400 desinere
949 2360 1110 2418 pei-omnes
1120 2341 1210 2400 homi·

214 2454 264 2493 nea
277 2436 396 2495 liceret
437 2436 467 2495 Is
477 2436 578 2512 jurare
591 2454 679 2513 quum
693 2438 841 2514 coepisset,
854 2456 914 2495 vox
927 2456 993 2495 eum
1003 2437 1110 2496 defecit
1119 2439 1150 2495 in
1159 2438 1209 2497 illo

213 2530 291 2589 1000:
315 2530 354 2591 ss
368 2514 552 2611 salassus.
594 2531 671 2607 Quid
684 2534 736 2591 ou
750 2552 804 2610 ogo
816 2533 875 2591 ma
887 2531 1023 2591 mmm?
1042 2534 1117 2591 noso
1130 2535 1248 2595 samso

215 2627 346 2703 saliquos
362 2628 453 2687 ludos.
495 2627 593 2703 Quid?
613 2646 650 2686 ne
664 2629 693 2687 id
707 2630 823 2705 quidem
833 2630 940 2706 leporis
950 2630 1121 2701 habuerunt,
1130 2632 1208 2706 qnod

216 2722 309 2783 solent
322 2724 484 2783 mediocres
503 2724 583 2792 ludi;
603 2734 757 2801 apparatus
771 2726 851 2783 enim
866 2727 1005 2801 spectatio
1018 2727 1137 2785 tollebat
1148 2745 1209 2785 om·

217 2835 283 2875 nem
297 2820 496 2887 hilaritatem
515 2838 572 2895 quo
585 2820 701 2895 quidem
719 2829 860 2897 apparatu
873 2840 931 2879 non
944 2822 1051 2891 dubito,
1064 2822 1135 2897 quin
1147 2823 1208 2880 ani·

217 2930 264 2971 mo
289 2916 468 2991 aequissimo
494 2917 629 2975 cameris.
670 2914 748 2991 Quid
775 2917 853 2974 enim
879 2916 1073 2976 delectationis
1100 2920 1208 2977 habent

219 3003 372 3070 ¹⁰sexcenti
391 3011 462 3069 muli
481 3012 513 3068 in
531 3008 804 3088 uClytaemnestra?
832 3022 884 3071 aut
902 3014 933 3070 in
952 3010 1060 3089 ¹'Equo
1079 3012 1245 3090 Trojanots

218 3100 417 3166 ”craterarum
429 3107 486 3165 tria
498 3105 598 3165 milia?
619 3114 669 3165 aut
686 3116 832 3167 mmatnra
841 3110 924 3167 varia
936 3110 1079 3186 peditatus
1088 3120 1118 3169 et
1127 3112 1208 3187 equi·

221 3208 295 3260 taum
307 3202 340 3261 in
354 3204 451 3279 aliqua
462 3200 582 3279 pugna?
601 3222 676 3278 quae
689 3204 857 3281 popularem
869 3206 1086 3265 admirationem
1099 3207 1207 3266 babue-

220 3306 294 3369 runt,
307 3298 526 3357 delectationem
539 3300 591 3356 tibi
604 3300 713 3357 nnllam
727 3300 898 3359 attulissent.
939 3300 967 3359 3.
990 3301 1098 3376 Quodsi
1111 3312 1142 3361 tu
1152 3322 1206 3381 per

222 3408 269 3449 sos
281 3392 344 3451 dies
358 3412 474 3469 operam
488 3394 590 3452 dedisti
599 3390 776 3472 1⁴Protogeni
788 3404 847 3467 uro,
860 3396 1013 3456 dummodo
1025 3399 1051 3456 is
1063 3400 1114 3457 tibi
1124 3376 1206 3475 qnid·

221 3487 263 3544 vis
282 3490 377 3565 potius
398 3507 485 3565 quam
504 3490 647 3549 orationes
666 3508 745 3549 meas
765 3492 876 3568 legerit,
889 3512 945 3552 nas
958 3503 990 3551 tu
1010 3494 1088 3553 baud
1107 3496 1245 3571 paulloto

223 3581 292 3655 plus,
311 3602 399 3659 quam
420 3585 571 3659 quisquam
590 3594 727 3656 nostrum,
747 3586 942 3645 delectationis
962 3588 1095 3647 habuisti.
1135 3590 1203 3650 Non

222 3676 296 3734 enim
309 3688 338 3735 ta
352 3688 421 3754 puto
434 3675 584 3737 ¹³Graecos
597 3689 647 3736 aut
660 3677 749 3739 Oscos
767 3680 849 3740 ludos
869 3683 1056 3755 desiderasse,
1075 3702 1204 3760 praeser-

224 3770 271 3827 tim
283 3792 373 3849 quum
386 3770 496 3831 18Οεοοε
509 3774 591 3832 ludos
605 3774 654 3832 vel
665 3774 697 3831 in
711 3772 832 3835 1'senatu
846 3788 943 3836 vestro
956 3788 1084 3855 spectare
1104 3782 1204 3857 possis,

225 3863 347 3928 Graecos
371 3870 413 3927 ita
434 3888 491 3927 non
514 3888 601 3941 ames,
622 3878 656 3928 ut
677 3888 715 3929 ne
738 3872 776 3930 ad
789 3873 888 3931 villam
907 3875 1024 3950 quidem
1037 3885 1117 3935 mam
1134 3874 1203 3935 lltriu

227 3958 335 4024 Graeca
354 3965 398 4023 ire
418 3966 518 4023 soleas.
558 3964 637 4023 Nam
650 3966 720 4042 quid
734 3986 789 4045 ego
801 3976 832 4027 ta
845 3970 967 4029 athletas
980 3981 1079 4047 putem
1092 3973 1241 4033 deside-ut

225 4074 291 4132 rare,
305 4062 354 4137 qni
374 4062 545 4156 gladiatores
558 4062 785 4139 contempseris?
804 4064 835 4121 in
849 4066 952 4141 quibus
970 4067 1032 4143 ipse
1046 4067 1202 4145 Pompeius

226 4158 367 4218 oenfltetm
386 4178 418 4219 se
438 4168 467 4219 et
485 4178 604 4237 operam
617 4168 647 4219 st
659 4160 754 4220 oleum
774 4163 941 4239 perdidisse
982 4163 1123 4241 Reliquae
1135 4174 1202 4225 sunt

941 4267 962 4311 2
