3317 4984
393 507 452 569 782
846 517 963 564 onemo

431 683 566 746 maximis
586 690 616 742 et
628 681 886 742 innumerabilibus
898 677 1146 758 'gratulationibus
1161 675 1230 754 jure
1249 685 1410 754 antepones

432 781 605 842 Hneeenim
625 797 671 836 res
692 779 777 836 unius
796 774 1138 854 estproprioOsesuris:
1164 775 1367 834 oeterneduoe
1385 787 1412 833 te

429 889 536 958 gestae,
544 893 666 954 msgnne
676 874 743 932 illae
754 873 878 950 quidem,
888 873 941 931 sed
951 881 1048 931 temen
1055 871 1145 930 multo
1154 889 1318 948 magnoque
1329 872 1413 932 oonsi-

430 985 500 1035 tenu.
535 967 791 1048 Hujnsantemrei
804 966 1255 1034 tuidemesetduxetoomeu
1268 970 1414 1044 queeqni-

403 1085 419 1134 5
432 1073 499 1131 dem
512 1079 592 1130 rento
606 1075 659 1138 est,
673 1063 719 1124 ‘ut
731 1063 811 1122 nulls
828 1063 953 1140 tropaeis
971 1071 1002 1121 et
1020 1063 1209 1122 monumentis
1222 1063 1280 1122 tuis
1293 1064 1414 1123 alintmn

429 1167 676 1234 finemsitsetns3
695 1163 768 1220 nihil
789 1169 834 1220 est
852 1161 930 1220 enim
950 1178 1038 1236 opere
1058 1170 1089 1220 et
1107 1161 1413 1240 munufactumquod

430 1283 487 1322 nou
511 1262 667 1338 aliqnando
691 1257 822 1319 eonfleint
846 1264 878 1316 et
897 1265 1046 1316 oonsumst
1058 1267 1203 1328 vetustam
1224 1261 1271 1318 12.
1292 1271 1326 1320 st
1344 1262 1414 1320 inser

430 1367 480 1418 tus
495 1358 608 1434 justitie
628 1366 657 1416 et
676 1357 777 1416 lenitus
800 1353 891 1414 enimi
914 1353 1047 1414 floreeoet
1066 1357 1191 1431 qnotidie
1204 1359 1308 1435 magis,
1321 1359 1364 1416 itu
1382 1371 1413 1416 ut

430 1465 568 1531 quantum
588 1455 643 1512 tuis
667 1454 802 1530 operibus
826 1452 997 1512 diutumitns
1019 1453 1158 1525 detrahet,
1177 1464 1291 1513 munim
1311 1453 1413 1512 efferet

392 1561 423 1610 10
432 1551 575 1609 leudibus.
617 1549 657 1608 Et
670 1559 780 1608 eeteros
794 1550 912 1625 quidem
924 1567 1024 1608 omnes
1044 1549 1167 1610 victores
1180 1551 1324 1609 bellorum
1335 1549 1412 1610 civil·

430 1646 491 1704 ium
499 1645 562 1722 jem
575 1645 795 1721 auteaequitnte
805 1646 1037 1704 etmiseriooudin
1046 1645 1174 1706 vinetus:
1195 1647 1412 1705 bodieruoveru

429 1743 477 1801 die
498 1743 641 1820 teipsum
661 1741 762 1800 vicisti.
804 1739 917 1799 Vereor
930 1750 964 1799 ut
984 1741 1047 1812 boc,
1069 1742 1145 1817 qnod
1168 1742 1271 1812 dinem,
1295 1741 1412 1818 perinde

428 1839 551 1917 intelligi
564 1839 653 1916 possit
666 1838 765 1896 auditu
779 1844 869 1913 etque
888 1837 951 1914 ipse
971 1838 1099 1914 ungitens
1118 1838 1230 1896 sentio:
1248 1839 1346 1915 ipsum
1357 1839 1412 1896 vio·

430 1935 531 1994 borium
545 1937 648 1995 vicium
661 1935 777 2007 rideris,
790 1930 892 2011 ‘quum
903 1929 958 2005 'eu
971 1953 1047 2010 quse
1065 1934 1117 1993 ills
1129 1943 1191 1993 erat
1205 1935 1322 2011 adeptu,
1331 1934 1412 1993 vietis

393 2043 423 2092 15
436 2031 579 2090 remisisti
628 2031 705 2090 Num
732 2049 824 2106 quum
851 2030 941 2106 ipsius
964 2029 1102 2088 victorine
1129 2030 1288 2111 eruditione
1314 2048 1411 2088 omnes

430 2127 499 2186 vieti
515 2127 723 2196 ooeidiesemus,
736 2125 907 2184 elementiae
922 2133 990 2183 tune
1002 2123 1112 2200 judicio
1126 2125 1289 2184 eomervnti
1304 2143 1410 2184 sumus.

431 2221 522 2282 Reete
542 2223 630 2299 igitur
649 2239 723 2280 unus
741 2221 863 2280 inrietus
886 2237 927 2292 ee,
939 2239 959 2279 n
979 2239 1037 2297 quo
1057 2219 1146 2280 etism
1165 2221 1255 2298 ipsius
1275 2221 1410 2280 victorine

429 2317 553 2378 oonditio
572 2319 674 2392 visque
694 2318 807 2375 devicto
826 2325 878 2376 eet.
1221 2392 1225 2398 Δ

469 2414 508 2472 V.
550 2414 596 2472 13.
616 2414 714 2490 Atque
727 2414 781 2472 hoe
793 2411 826 2474 (i
837 2411 970 2473 camis
978 2412 1128 2489 judicium,
1136 2409 1240 2472 Patres
1252 2413 1411 2492 oonsoripti,

391 2523 424 2571 20
434 2529 520 2588 quem
530 2511 588 2569 iste
598 2519 694 2586 putent
704 2511 856 2568 attendite:
876 2511 1072 2581 omnesenim,
1081 2510 1241 2586 quindills
1251 2507 1411 2569 mms¹fsto

430 2625 527 2666 sumne
548 2607 644 2666 neseio
668 2625 725 2682 quo
746 2607 788 2665 rei
809 2607 942 2683 pubiiese
954 2608 1059 2665 misero
1075 2605 1244 2683 funestoque
1265 2607 1411 2684 eompulsi,

429 2705 483 2762 etei
502 2705 599 2779 ulique
619 2704 705 2779 oulpn
717 2701 859 2762 'tenemur
870 2703 977 2762 erroris
997 2703 1124 2775 humani,
1135 2698 1255 2761 'seeleue
1269 2713 1349 2762 eene
1361 2704 1411 2762 lib·

430 2800 501 2858 eruti
514 2817 620 2858 sumus.
662 2798 739 2856 Nem
753 2817 844 2874 quum
856 2798 901 2856 nu
914 2798 1087 2857 Msroeilum
1099 2799 1320 2875 deprenentibm
1333 2799 1410 2857 robis

430 2897 470 2955 rei
484 2896 613 2972 publiene
627 2895 815 2966 ooneervavit,
824 2913 871 2954 me
883 2895 997 2954 etmihi
1010 2903 1041 2954 et
1051 2896 1122 2954 item
1133 2896 1177 2954 rei
1189 2896 1322 2972 pubiieee
1334 2896 1410 2954 nnilo

389 3005 422 3054 ss
435 2993 613 3070 deprecante,
626 2991 749 3068 reliquos
762 2991 952 3068 amplissimos
965 2991 1043 3050 virus
1058 3000 1088 3050 et
1100 2993 1155 3050 sibi
1167 2993 1245 3068 ipsos
1257 3001 1289 3051 et
1300 2993 1409 3069 petr-ise

429 3090 559 3160 reddidit,
580 3107 702 3165 quorum
721 3097 751 3147 et
769 3087 964 3164 frequentiam
983 3095 1016 3147 et
1035 3088 1205 3165 dignitatem
1224 3089 1280 3148 hoo
1300 3090 1363 3165 ipso
1380 3089 1409 3146 in

429 3203 560 3246 oonsesm
573 3183 695 3256 ‘videtis
708 3203 766 3242 non
785 3184 835 3243 ille
856 3183 952 3242 hostes
970 3184 1085 3244 induxit
1100 3184 1130 3242 in
1144 3186 1262 3256 eudem,
1274 3185 1326 3244 sed
1334 3183 1409 3259 jndi-

428 3283 505 3342 eavit
517 3301 536 3341 a
548 3283 692 3358 plerisque
705 3281 884 3358 ignoratione
896 3281 992 3357 potius
1003 3289 1034 3339 et
1046 3277 1119 3340 falso
1131 3290 1218 3356 etque
1230 3282 1311 3340 inani
1324 3290 1409 3350 metu,

429 3397 515 3455 quem
529 3366 684 3454 eupiditate
697 3385 749 3434 eut
761 3376 931 3436 erudelitate
950 3377 1059 3436 bellum
1075 3395 1138 3436 esse
1151 3387 1322 3453 snsoepmm.
1364 3379 1408 3436 14.

378 3485 422 3539 ,80
437 3473 503 3549 Quo
515 3473 630 3550 quidem
643 3473 673 3530 in
686 3471 761 3530 bello
774 3473 935 3550 semperde
947 3489 1018 3548 psoe
1030 3472 1203 3532 audiendum
1215 3472 1325 3548 putavi,
1337 3492 1409 3532 sem

428 3587 537 3648 perque
557 3567 634 3626 dolui
655 3586 711 3626 non
731 3567 815 3628 modo
835 3584 944 3644 punem,
958 3567 1010 3626 sed
1030 3569 1117 3626 etium
1135 3568 1292 3626 ontionem
1304 3569 1409 3627 civium

428 3683 528 3743 peoem
541 3663 729 3739 flagitantium
741 3663 897 3740 repudiari.
938 3663 1045 3740 Neque
1058 3664 1135 3722 euim
1147 3681 1201 3740 ego
1213 3663 1264 3722 ills
1276 3683 1332 3724 neo
1351 3665 1409 3724 ulls

428 3779 564 3838 umquem
582 3767 697 3818 secutus
715 3777 780 3818 sum
797 3777 880 3818 erma
898 3759 1002 3829 civilio,
1021 3777 1191 3838 semperque
1206 3779 1272 3820 meu
1291 3761 1409 3820 consilis

427 3857 516 3935 ⁶peeis
524 3866 554 3916 et
563 3865 646 3932 togae
654 3851 750 3927 “socie
757 3875 815 3914 non
823 3855 893 3914 beili
902 3864 990 3932 utque
997 3873 1141 3914 rumorum
1150 3855 1273 3914 fuerunt.
1306 3853 1407 3916 'Hom-

263 4006 265 4012 .
387 3967 419 4016 ab
432 3955 509 4012 inem
531 3971 594 4011 sum
614 3960 727 4010 secutus
747 3947 873 4028 ⁸priveto
889 3952 991 4025 officio,
1011 3971 1067 4010 nou
1090 3953 1221 4028 publium
1240 3963 1407 4029 tentumque

427 4049 507 4126 npud
529 4066 576 4106 me
596 4049 670 4125 greti
689 4047 778 4107 uuimi
800 4048 893 4106 fidelis
916 4049 1053 4107 memorie
1076 4049 1174 4119 voluit,
1194 4057 1227 4106 ut
1249 4051 1330 4108 nulls
1351 4069 1407 4108 non

426 4145 510 4203 modo
520 4143 680 4220 eupiditate,
693 4143 744 4204 sed
753 4160 790 4202 ne
802 4159 856 4220 spe
867 4143 983 4220 quidem
991 4145 1116 4222 prudeus
1124 4155 1153 4203 et
1162 4145 1254 4204 sciens
1262 4155 1406 4224 tumquem
