3317 4984
469 559 533 605 rso
552 561 581 603 r.
601 559 709 604 seruo·
723 559 856 618 meone,
877 560 946 605 ου».
967 559 1061 602 xm.
1214 539 1270 602 841

250 719 357 779 vestris
370 739 456 779 susus
470 739 571 793 essem,
583 722 610 780 si
621 723 652 781 id
664 723 741 798 qnod
754 722 877 781 oousbsr
895 721 957 780 sine
970 719 1103 779 maximis
1117 718 1232 777 dimion-

249 815 377 874 tiouibus
398 817 470 874 meis
490 835 538 875 me
560 835 624 876 esse
645 837 782 877 susorum
805 815 982 876 arbitrarer?
1023 815 1106 890 Quue
1129 815 1233 874 mulier

249 911 420 970 seelerstum
434 931 469 971 ee
481 912 671 989 pernitiosum
683 915 778 973 eivom
790 913 921 974 ooeidore
933 931 991 971 nou
1004 913 1132 984 auderet,
1144 913 1169 969 si
1183 929 1232 988 pe·

248 1009 374 1067 ficuum
393 1028 452 1067 non
472 1009 608 1068 omme?
647 1011 799 1088 proposse
818 1010 936 1080 muers,
955 1019 1055 1081 mone,
1068 1027 1168 1086 mens,
1181 1007 1230 1084 qui
1256 993 1264 1004 “

248 1105 342 1164 nihilo
362 1105 476 1182 segnius
496 1123 558 1164 rem
578 1107 721 1182 publieom
741 1105 916 1176 defenditis
937 1105 982 1164 vir
1001 1123 1069 1164 vero
1089 1105 1230 1182 puundus
1254 1117 1269 1164 t

249 1209 304 1258 est
343 1199 450 1276 Populi
470 1201 543 1277 greti
563 1209 607 1260 est
627 1201 761 1278 praemiis
780 1201 894 1260 ollioere
913 1203 986 1260 bens
1006 1202 1122 1260 meritos
1142 1201 1178 1259 de
1197 1219 1230 1259 re

248 1295 366 1374 publius
378 1297 533 1368 oireeviri
551 1295 633 1357 fortis
652 1316 689 1356 ne
709 1297 859 1374 suppliciis
879 1297 995 1374 quidem
1008 1297 1116 1356 moveri
1130 1307 1162 1355 ut
1174 1295 1230 1356 lor·

248 1393 320 1450 titer
330 1391 433 1451 ieeism
445 1392 601 1469 poenitet
636 1393 684 1452 83.
705 1393 898 1469 Quamobrem
911 1403 1040 1452 uteretur
1051 1395 1150 1452 eudem
1163 1411 1230 1452 oon·

248 1487 372 1548 sessione
392 1487 428 1546 T.
448 1489 571 1561 Annius,
590 1507 650 1566 qus
668 1490 773 1562 Ahulu,
794 1509 852 1567 que
873 1490 988 1562 Nusies,
1010 1509 1068 1567 qus
1089 1487 1228 1566 Opimius3

249 1603 309 1661 qus
328 1585 448 1657 Meuius,
467 1603 526 1661 que
545 1587 725 1663 nosmetipsi,
743 1597 781 1658 et,
801 1588 824 1645 si
844 1596 927 1665 grute
945 1601 992 1646 res
1012 1587 1126 1663 publios
1144 1594 1268 1658 essetlo

249 1681 414 1754 laetaretur,
426 1683 451 1741 si
463 1683 583 1760 ingrate,
597 1693 692 1742 tumen
712 1684 743 1742 in
763 1685 846 1763 gravi
866 1683 980 1743 lortuns
992 1682 1164 1743 oonseieutis
1176 1701 1229 1742 sue

250 1781 397 1841 niteretur.

292 1876 351 1937 Sed
371 1875 456 1952 iujos
475 1877 606 1937 beneficii
626 1877 755 1955 metium,
772 1875 893 1954 judiees,
916 1876 1029 1936 fortune
1051 1875 1148 1954 popuii
1170 1875 1228 1936 Ro·

249 1972 372 2030 muniet
383 1981 482 2031 restro
500 1972 621 2032 felicitas
640 1983 671 2032 et
688 1972 728 2031 dii
748 1973 922 2032 inmortales
941 1973 995 2030 sibi
1008 1972 1104 2031 deberi
1118 1981 1227 2049 putent.

249 2065 315 2125 Neo
334 2084 404 2126 vero
423 2067 574 2144 quisquam
593 2067 678 2126 aliter
697 2067 831 2126 urbiussi
851 2077 952 2144 potest,
964 2064 1029 2124 ‘uisi
1050 2066 1099 2142 qui
1119 2066 1225 2127 nullum
1236 2077 1266 2126 ιε

250 2163 311 2220 vim
324 2181 387 2221 esse
399 2164 480 2223 ducit
491 2181 634 2222 numeove
645 2161 881 2239 divinum,⁴quom
896 2181 988 2240 noque
1008 2163 1119 2240 imperii
1139 2163 1227 2221 nostri

250 2259 416 2338 magnitudo
433 2279 528 2336 neque
547 2260 590 2318 sol
609 2260 657 2319 ille
677 2276 731 2320 nee
748 2261 824 2319 ooeli
841 2261 1042 2337 signorumque
1062 2269 1155 2318 motus
1174 2277 1227 2321 nee

250 2356 458 2415 vicissitudines
480 2375 577 2414 rerum
598 2365 685 2433 atque
707 2356 822 2416 ordines
845 2365 961 2416 movent
980 2375 1081 2433 neque,
1101 2356 1131 2414 id
1150 2357 1226 2432 quod

248 2452 407 2510 mnlmum
419 2461 471 2523 est,
484 2450 624 2527 majorum
636 2451 784 2529 sepientis,
797 2453 848 2529 qui
866 2469 955 2522 suoru,
969 2452 1017 2529 qui
1034 2451 1226 2524 coerimonias,

249 2548 299 2623 qui
319 2549 446 2624 suspicio
464 2555 495 2607 et
513 2548 568 2625 ipsi
586 2548 762 2608 messene
781 2549 930 2607 uoluerunt
949 2557 981 2606 et
990 2549 1080 2620 uobis,
1093 2547 1151 2607 suis
1163 2559 1266 2625 pos-to

249 2644 326 2716 teris,
339 2644 532 2720 prodiderunt.
1249 2669 1254 2680 ·

288 2737 412 2798 xm
453 2741 501 2800 84.
522 2739 585 2809 Est,
597 2749 643 2799 est
661 2739 790 2818 profesto
808 2739 859 2798 ille
878 2741 931 2810 vis,
945 2757 1038 2816 nequo
1058 2741 1088 2798 iu
1109 2739 1153 2798 his
1166 2757 1226 2800 our·

249 2835 364 2912 portius
376 2845 462 2912 etque
476 2837 506 2895 in
517 2837 572 2896 imo
583 2836 778 2896 imbecillitate
791 2847 889 2896 nostre
902 2837 978 2895 inest
991 2835 1135 2912 quiddam,
1148 2838 1225 2913 quod

249 2931 344 3007 vigeat
357 2941 387 2990 et
399 2933 510 3003 sentiet,
523 2929 564 2991 'et
576 2949 634 2990 nou
646 2933 721 2990 iuest
735 2931 765 2989 in
779 2932 833 2990 hoe
847 2939 926 2990 tento
939 2939 1059 2990 neturus
1072 2943 1129 2992 tem
1144 2951 1226 3010 preo-

249 3025 325 3085 oinm
338 3037 425 3085 motu.
465 3026 532 3086 Nisi
545 3026 618 3086 forto
630 3027 737 3088 ideireo
755 3045 812 3085 nou
834 3035 942 3104 putent,
955 3027 1024 3102 quie
1035 3045 1092 3086 nou
1106 3039 1223 3104 spporet
1232 3041 1264 3088 ss

249 3139 301 3180 nee
313 3123 455 3193 oemitur3
474 3123 592 3199 proinde
611 3123 693 3199 qussi
712 3131 838 3181 noemam
858 3123 950 3199 ipsam
964 3133 1097 3194 mentem,
1110 3141 1168 3198 qus
1181 3139 1226 3181 ss·

249 3219 348 3296 pimus
369 3238 427 3294 qus
446 3220 636 3296 providemus,
656 3237 715 3296 qus
733 3219 805 3279 hseo
824 3219 886 3295 ipsa
909 3219 1019 3296 egimus
1042 3237 1076 3278 uo
1096 3219 1225 3292 dioiruus,

249 3315 344 3373 ridere
356 3325 407 3373 sut
419 3315 513 3392 pleno,
525 3315 619 3392 qualis
631 3325 683 3373 out
694 3315 743 3374 ubi
756 3315 801 3386 sit,
814 3315 919 3373 sentire
933 3315 1080 3391 possimus.
1120 3313 1167 3374 lia
1180 3315 1224 3374 vis

249 3410 335 3487 igitur
346 3413 416 3488 ipsu
430 3431 504 3487 quse
517 3429 605 3488 seepe
617 3409 798 3470 inoredibiles
816 3411 884 3470 huie
897 3411 960 3469 urbi
973 3410 1124 3470 felicitates
1137 3421 1223 3489 utque

249 3523 316 3581 opes
336 3505 438 3576 attulit,
458 3507 536 3564 illum
554 3503 721 3583 'pemdem
740 3505 879 3565 exstinxit
900 3507 1076 3571 mensulis.
1097 3507 1143 3565 oui
1167 3508 1264 3584 pri-su

249 3617 325 3658 mum
337 3595 472 3659 ‘mentem
486 3601 591 3677 injecit,
601 3611 635 3659 ut
646 3602 676 3659 rl
688 3601 804 3662 inituro
814 3601 945 3679 fenoque
956 3601 1094 3662 leoessero
1107 3602 1224 3662 fortissi-

248 3714 326 3754 mum
346 3699 440 3755 virum
458 3699 576 3757 auderet
595 3699 816 3774 vinoereturque
835 3700 873 3758 ub
892 3717 936 3770 eo,
950 3717 1035 3775 quem
1056 3700 1081 3758 si
1101 3697 1223 3769 vio'uset,

249 3792 394 3853 habiturus
407 3803 485 3853 esset
503 3797 701 3873 impunitatem
720 3805 751 3854 ot
763 3796 909 3854 licentium
923 3795 1134 3872 sempiternum.
1174 3797 1223 3854 8⁵.

249 3889 314 3948 Nou
327 3899 370 3948 est
390 3891 514 3949 humano
528 3891 656 3962 oonsilio,
668 3908 707 3949 ne
726 3891 862 3950 mediocri
882 3891 1008 3968 quidem,
1023 3890 1144 3967 judiees,
1157 3892 1223 3950 deo·

248 4000 310 4042 rum
324 3986 525 4044 immortalium
536 4003 606 4046 euru
617 4004 665 4046 res
677 3986 728 4046 ilh
739 3985 875 4064 perseum.
914 3985 1092 4064 *Religiones
1111 3987 1224 4046 molier·
1232 4001 1263 4049 8⁵

249 4079 310 4138 eule
323 4082 409 4157 ipsse,
423 4101 497 4158 quse
516 4081 595 4140 illum
614 4083 740 4142 bellunm
760 4083 863 4142 eadere
883 4082 1025 4153 viderunt,
1038 4083 1223 4142 summovisse

250 4193 279 4237 se
297 4177 432 4237 videntur
450 4176 549 4256 etffus
567 4179 599 4238 iu
617 4179 669 4239 iilo
687 4197 771 4239 suum
790 4179 948 4240 minuisse.
987 4177 1138 4238 Vosenim
1152 4179 1223 4258 jum,
