3317 4984
482 545 546 590 reo
566 546 595 588 r.
614 543 716 590 nmo
736 543 870 604 mors,
891 546 961 592 cur.
982 549 1052 592 xxi.
1218 535 1274 596 831

260 705 303 765 illi
325 714 432 778 nomm,
455 707 566 766 reditus
590 705 666 764 illius
692 705 760 766 huie
785 707 913 784 ignotum
940 707 1045 778 fuisse3
1075 707 1158 785 hujus
1182 711 1237 772 iter

260 803 459 874 merium,
478 802 556 860 illius
575 803 662 860 etism
681 802 777 879 potim
796 801 939 871 alienum
958 803 1034 863 hune
1053 823 1122 882 pree
1142 823 1174 864 se
1193 816 1237 866 tu·

259 898 327 957 lisse
339 898 390 957 ilio
404 917 436 957 se
449 899 497 957 die
512 897 608 956 Reme
619 898 774 969 emturum,
787 897 868 956 illum
882 917 917 956 so
930 899 976 958 die
996 917 1027 958 se
1047 899 1236 963 dissimulasse

258 995 437 1062 rediturum
467 994 543 1052 hune
562 993 668 1052 nullius
687 994 729 1052 rei
748 986 874 1052 mutasse
894 993 1050 1066 eonsilium,
1070 995 1151 1054 illum
1171 1017 1236 1058 euu-

259 1109 322 1150 ssm
340 1089 468 1148 usundi
487 1089 597 1147 eonsiiii
617 1089 754 1157 fluxisse3
774 1088 849 1160 huic,
869 1089 893 1147 si
914 1089 1104 1162 insidiaretur,
1124 1103 1236 1154 noctem
1259 1110 1274 1156 ο

259 1201 348 1266 prope
367 1188 468 1245 urbem
487 1185 719 1262 exspectandam,
739 1185 790 1258 iili,
809 1187 921 1244 etiamsi
942 1187 1018 1245 hune
1037 1205 1094 1245 non
1114 1189 1236 1264 timeres,

258 1295 354 1346 temen
367 1301 512 1343 aceessum
524 1283 562 1341 sd
575 1283 675 1341 urbem
688 1289 857 1341 nocturnum
871 1281 958 1342 fuisse
972 1283 1163 1342 metuendum.

298 1381 372 1440 XX.
411 1380 459 1438 53.
480 1379 638 1438 Videamus
653 1397 730 1438 nuue
742 1379 780 1451 id,
793 1379 870 1455 quod
888 1389 973 1455 eaput
987 1389 1039 1450 est,
1053 1379 1131 1439 loeus
1145 1381 1181 1440 ed
1194 1384 1235 1441 iu·

258 1480 344 1539 sidies
363 1479 413 1537 ille
432 1479 501 1555 ipse,
516 1477 565 1536 ubi
585 1476 728 1554 eougressi
748 1486 824 1547 sunt,
839 1476 894 1533 utri
910 1476 1023 1534 tandem
1037 1475 1123 1536 fuerit
1135 1479 1235 1556 aptior.

258 1576 294 1636 Id
314 1595 391 1647 vero,
408 1575 528 1651 judiees,
547 1571 645 1632 ¹etiem
664 1572 851 1631 dubitandum
874 1582 903 1630 et
926 1571 1032 1632 diutius
1055 1575 1275 1652 eogitsndumro

258 1672 326 1734 est?
365 1674 444 1732 Ante
457 1673 577 1730 fundum
588 1669 690 1740 clodii,
698 1688 756 1746 quo
768 1668 799 1726 in
811 1667 900 1727 fundo
914 1679 1032 1746 pmpter
1046 1671 1158 1730 inseues
1173 1673 1235 1732 illes

257 1767 487 1828 'substructiones
508 1768 590 1827 facile
611 1765 757 1824 hominum
776 1763 855 1823 mille
869 1766 1057 1824 versabuntur
1070 1767 1235 1840 velentium,

257 1865 336 1924 edito
348 1865 504 1924 adversarii
517 1875 604 1939 etque
613 1861 728 1920 excelso
738 1859 800 1921 loeo
812 1863 989 1938 superiorem
1004 1881 1034 1920 ss
1049 1861 1108 1922 fore
1122 1875 1236 1941 putaret

257 1959 333 2019 Milo
344 1971 375 2019 et
386 1962 423 2019 ob
436 1979 499 2018 eam
513 1977 575 2018 rem
593 1977 661 2018 eum
680 1957 774 2016 locum
793 1957 831 2016 sd
851 1977 975 2036 pugnem
989 1959 1164 2036 potissimum
1178 1961 1235 2020 ele·

256 2055 415 2134 gerusian
434 2058 464 2114 in
484 2075 519 2116 eo
538 2057 601 2117 lom
614 2056 766 2132 estpotius
778 2066 962 2132 exspectaus
975 2057 1012 2115 sb
1025 2075 1068 2129 eo,
1081 2057 1131 2134 qui
1144 2057 1232 2136 ipsius
1243 2073 1272 2120 rs

257 2153 312 2212 loci
326 2153 485 2230 speisoere
499 2153 636 2230 impetum
657 2149 815 2230 cogitaret?
857 2151 917 2212 Res
937 2153 1061 2231 loquitur
1080 2155 1149 2231 ipse,
1158 2153 1234 2231 judi·

256 2267 312 2317 ees,
332 2269 406 2326 quus
425 2269 538 2327 semper
557 2251 635 2309 vaiet
654 2251 816 2328 plurimum.
866 2251 913 2311 54.
935 2249 968 2312 Si
988 2253 1059 2312 hese
1078 2273 1134 2312 non
1154 2266 1234 2332 geste

256 2345 399 2417 audiretis,
413 2347 463 2404 sed
482 2347 559 2424 pieta
578 2347 722 2419 videretis,
736 2357 834 2406 tumen
849 2357 1009 2425 appareret,
1024 2358 1088 2407 uter
1104 2361 1178 2409 esset
1191 2353 1234 2410 iu·

256 2441 379 2514 sidietur,
399 2454 465 2503 uter
486 2445 557 2504 nihil
576 2447 714 2524 eogimret
733 2447 810 2518 muli,
829 2467 918 2524 quum
941 2447 1013 2506 alter
1034 2449 1184 2508 veheretur
1204 2451 1234 2508 iu

256 2538 346 2597 rheda
364 2541 540 2616 peenuistus,
554 2561 613 2601 une
628 2543 740 2602 sederet
753 2561 836 2602 uxor.
886 2541 962 2617 Quid
983 2543 1083 2602 horum
1104 2565 1160 2604 uon
1181 2547 1271 2607 imm

255 2635 481 2711 peditissimum?
497 2640 625 2709 vestitus,
638 2660 675 2699 au
689 2641 860 2714 vehiculum,
873 2661 910 2701 sn
924 2641 1037 2702 eomes?
1057 2645 1125 2722 quid
1139 2644 1232 2704 minus

255 2741 417 2808 promptum
437 2733 474 2790 ed
493 2753 627 2810 pugnam,
640 2755 729 2812 quum
749 2737 872 2814 paenula
892 2739 1027 2810 irretitus,
1042 2741 1129 2800 rheda
1143 2743 1233 2820 impe·

254 2826 339 2898 ditus,
359 2847 448 2886 uxore
468 2849 559 2906 paene
577 2827 756 2892 'constrictus
775 2833 874 2894 esset?
924 2835 1029 2896 Videte
1049 2857 1124 2898 nune
1143 2839 1232 2913 illum,

254 2922 378 2998 primum
405 2927 598 3002 egredientem
624 2947 641 2986 e
668 2931 738 2990 vilis
763 2933 875 2991 subito:
902 2933 974 2993 eur?
1006 2939 1134 3014 vesperi:
1163 2939 1232 3014 quid

254 3037 369 3078 neoesse
388 3019 456 3078 est?
482 3024 581 3082 tarde:
603 3021 663 3100 ‘qui
676 3029 816 3100 eosvenit,
837 3031 1004 3107 praesertim
1025 3033 1054 3090 id
1073 3031 1270 3110 temporisies

256 3113 388 3174 Devenit
401 3117 430 3174 in
444 3119 540 3178 villum
555 3119 696 3200 Pompeii.
737 3125 908 3204 Pompeium
928 3137 960 3186 ut
973 3128 1105 3188 videret?
1124 3131 1231 3190 edebat

252 3209 427 3273 ‘indlsiensi
440 3233 520 3274 esse:
541 3218 639 3277 vuum
659 3230 693 3279 ut
711 3223 905 3300 perspieeret?
924 3226 1026 3286 millies
1040 3228 1067 3284 in
1082 3247 1117 3288 es
1130 3227 1230 3289 iuerat.

255 3305 332 3382 Quid
352 3327 421 3387 ergo
442 3311 528 3371 eret?
555 3333 635 3374 more
655 3327 685 3376 et
706 3321 921 3397 tergiversatio:
950 3323 1018 3381 dum
1042 3323 1089 3383 hie
1110 3327 1230 3400 veniret,

253 3403 345 3462 losum
369 3408 529 3484 relinquere
552 3413 650 3471 uoluit.

292 3501 384 3560 XXI.
423 3505 471 3562 55.
490 3505 575 3584 ¹Age,
588 3529 665 3570 nune
677 3512 734 3571 iter
745 3511 882 3592 ’expediti
896 3515 1012 3576 lutmuis
1032 3538 1097 3578 cum
1111 3517 1268 3582 Milonisso

252 3599 460 3676 impedimentis
472 3620 643 3684 eomparste
683 3610 803 3690 Semper
816 3615 863 3673 ille
877 3627 963 3676 antee
976 3637 1041 3676 eum
1055 3637 1154 3690 uxore,
1167 3627 1229 3678 tum

252 3694 314 3754 siue
327 3715 380 3756 ee:
393 3719 537 3776 nunquam
550 3705 605 3762 uisi
617 3707 647 3762 iu
661 3707 758 3779 rheda,
771 3718 831 3767 tum
846 3710 875 3768 in
889 3730 981 3788 equo:
995 3715 1111 3776 uomites
1124 3709 1229 3774 'Gree-

252 3792 318 3863 euli,
332 3813 499 3872 quoeunque
512 3800 580 3872 ibet,
593 3803 679 3862 etium
692 3824 781 3880 quum
800 3807 830 3864 in
851 3811 942 3868 eastra
958 3809 1082 3870 Etrusee
1095 3831 1228 3888 propere·

252 3887 309 3958 bet,
329 3898 388 3947 tum
409 3893 438 3949 in
458 3896 591 3954 eomitetu
610 3895 763 3977 ‘nugarum
782 3901 862 3960 nihil.
910 3904 992 3978 Milo,
1005 3907 1053 3982 qui
1074 3925 1228 3983 uunquam,

252 3991 315 4042 tum
327 4003 394 4044 essu
408 4007 510 4064 pueros
523 3993 740 4069 symphoniseos
753 3999 851 4056 uxoris
871 3999 993 4060 ducebat
1012 4011 1042 4060 et
1058 4003 1223 4062 ancillarum
1234 4017 1266 4065 ss

252 4095 361 4158 greges.
411 4080 474 4151 Ille,
497 4085 547 4160 qui
569 4105 683 4165 semper
704 4107 801 4150 seeum
827 4101 930 4164 seems,
953 4113 1066 4171 semper
1091 4097 1227 4169 exoletos,

252 4177 1227 4262 semperlupssdueemgmmuemmemffiisiutvirumsvim

1061 4297 1110 4350 ΑΒ
