<?xml version="1.0" encoding="UTF-8"?>
<!DOCTYPE html PUBLIC "-//W3C//DTD XHTML 1.0 Transitional//EN"
    "http://www.w3.org/TR/xhtml1/DTD/xhtml1-transitional.dtd">
<html xmlns="http://www.w3.org/1999/xhtml" xml:lang="en" lang="en">
 <head>
  <title>
</title>
<meta http-equiv="Content-Type" content="text/html;charset=utf-8" />
  <meta name='ocr-system' content='tesseract 3.04.00' />
  <meta name='ocr-capabilities' content='ocr_page ocr_carea ocr_par ocr_line ocrx_word'/>
</head>
<body>
  <div class='ocr_page' id='page_1' title='image "./preparatorylati00hansgoog_0880.png"; bbox 0 0 3317 4984; ppageno 0'>
   <div class='ocr_carea' id='block_1_1' title="bbox 486 547 1282 642">
    <p class='ocr_par' dir='ltr' id='par_1_1' title="bbox 486 547 1282 642">
     <span class='ocr_line' id='line_1_1' title="bbox 486 547 1282 642; baseline 0 -14"><span class='ocrx_word' id='word_1_1' title='bbox 486 585 550 630; x_wconf 80' lang='lat' dir='ltr'><strong>eno</strong></span> <span class='ocrx_word' id='word_1_2' title='bbox 570 586 598 628; x_wconf 88' lang='lat' dir='ltr'><strong>r.</strong></span> <span class='ocrx_word' id='word_1_3' title='bbox 618 583 720 630; x_wconf 77' lang='lat' dir='ltr'><strong>sumo</strong></span> <span class='ocrx_word' id='word_1_4' title='bbox 740 584 875 642; x_wconf 76' lang='lat' dir='ltr'><strong>meone,</strong></span> <span class='ocrx_word' id='word_1_5' title='bbox 895 585 965 630; x_wconf 73' lang='lat' dir='ltr'><strong>cur.</strong></span> <span class='ocrx_word' id='word_1_6' title='bbox 985 585 1056 628; x_wconf 87' lang='lat' dir='ltr'><strong>xm.</strong></span> <span class='ocrx_word' id='word_1_7' title='bbox 1133 547 1135 554; x_wconf 51' lang='grc'><em>’</em></span> <span class='ocrx_word' id='word_1_8' title='bbox 1225 567 1282 628; x_wconf 75' lang='lat'><strong>825</strong></span> 
     </span>
    </p>
   </div>
   <div class='ocr_carea' id='block_1_2' title="bbox 263 743 1287 2943">
    <p class='ocr_par' dir='ltr' id='par_1_2' title="bbox 263 743 1287 2943">
     <span class='ocr_line' id='line_1_2' title="bbox 305 743 1244 824; baseline -0.003 -17"><span class='ocrx_word' id='word_1_9' title='bbox 305 747 396 807; x_wconf 84' lang='lat' dir='ltr'>XIII.</span> <span class='ocrx_word' id='word_1_10' title='bbox 438 745 539 824; x_wconf 81' lang='lat' dir='ltr'><strong>Quid?</strong></span> <span class='ocrx_word' id='word_1_11' title='bbox 557 755 590 808; x_wconf 81' lang='lat' dir='ltr'><strong>tn</strong></span> <span class='ocrx_word' id='word_1_12' title='bbox 610 767 658 808; x_wconf 86' lang='lat' dir='ltr'><strong>me</strong></span> <span class='ocrx_word' id='word_1_13' title='bbox 677 747 728 808; x_wconf 89' lang='lat' dir='ltr'><strong>tibi</strong></span> <span class='ocrx_word' id='word_1_14' title='bbox 748 747 861 816; x_wconf 75' lang='lat' dir='ltr'><strong>intem,</strong></span> <span class='ocrx_word' id='word_1_15' title='bbox 882 744 980 818; x_wconf 78' lang='lat' dir='ltr'><strong>Sexte,</strong></span> <span class='ocrx_word' id='word_1_16' title='bbox 998 755 1092 822; x_wconf 86' lang='lat' dir='ltr'><strong>petas,</strong></span> <span class='ocrx_word' id='word_1_17' title='bbox 1110 743 1193 822; x_wconf 78' lang='lat' dir='ltr'><strong>ctrjus</strong></span> <span class='ocrx_word' id='word_1_18' title='bbox 1213 753 1244 804; x_wconf 88' lang='lat' dir='ltr'><strong>tu</strong></span> 
     </span>
     <span class='ocr_line' id='line_1_3' title="bbox 263 843 1245 920; baseline -0.006 -14"><span class='ocrx_word' id='word_1_19' title='bbox 263 845 489 906; x_wconf 87' lang='lat' dir='ltr'><strong>inimicissimum</strong></span> <span class='ocrx_word' id='word_1_20' title='bbox 507 845 598 904; x_wconf 84' lang='lat' dir='ltr'><strong>multo</strong></span> <span class='ocrx_word' id='word_1_21' title='bbox 617 845 760 905; x_wconf 83' lang='lat' dir='ltr'><strong>crudelius</strong></span> <span class='ocrx_word' id='word_1_22' title='bbox 780 843 867 902; x_wconf 85' lang='lat' dir='ltr'><strong>ctiam</strong></span> <span class='ocrx_word' id='word_1_23' title='bbox 888 843 1004 920; x_wconf 86' lang='lat' dir='ltr'><strong>punitus</strong></span> <span class='ocrx_word' id='word_1_24' title='bbox 1022 861 1062 914; x_wconf 88' lang='lat' dir='ltr'><strong>es,</strong></span> <span class='ocrx_word' id='word_1_25' title='bbox 1075 861 1162 918; x_wconf 87' lang='lat' dir='ltr'><strong>quam</strong></span> <span class='ocrx_word' id='word_1_26' title='bbox 1180 849 1245 901; x_wconf 78' lang='lat' dir='ltr'><strong>emt</strong></span> 
     </span>
     <span class='ocr_line' id='line_1_4' title="bbox 264 937 1244 1018; baseline -0.005 -17"><span class='ocrx_word' id='word_1_27' title='bbox 264 942 449 1001; x_wconf 79' lang='lat' dir='ltr'><strong>humanitatis</strong></span> <span class='ocrx_word' id='word_1_28' title='bbox 462 960 544 1000; x_wconf 79' lang='lat' dir='ltr'><strong>mene</strong></span> <span class='ocrx_word' id='word_1_29' title='bbox 557 939 725 1018; x_wconf 72' lang='lat' dir='ltr'><strong>postulare?</strong></span> <span class='ocrx_word' id='word_1_30' title='bbox 762 940 811 998; x_wconf 86' lang='lat' dir='ltr'><strong>Tu</strong></span> <span class='ocrx_word' id='word_1_31' title='bbox 825 939 863 998; x_wconf 85' lang='lat' dir='ltr'><strong>P.</strong></span> <span class='ocrx_word' id='word_1_32' title='bbox 878 937 971 998; x_wconf 82' lang='lat' dir='ltr'><strong>clodii</strong></span> <span class='ocrx_word' id='word_1_33' title='bbox 990 951 1140 998; x_wconf 79' lang='lat' dir='ltr'><strong>omentum</strong></span> <span class='ocrx_word' id='word_1_34' title='bbox 1160 937 1244 997; x_wconf 66' lang='lat' dir='ltr'><strong>eadee</strong></span> 
     </span>
     <span class='ocr_line' id='line_1_5' title="bbox 265 1032 1245 1114; baseline -0.002 -18"><span class='ocrx_word' id='word_1_35' title='bbox 265 1057 318 1096; x_wconf 77' lang='lat' dir='ltr'><strong>ver</strong></span> <span class='ocrx_word' id='word_1_36' title='bbox 329 1037 437 1112; x_wconf 86' lang='lat' dir='ltr'><strong>ejecisti</strong></span> <span class='ocrx_word' id='word_1_37' title='bbox 448 1039 541 1108; x_wconf 87' lang='lat' dir='ltr'><strong>domo,</strong></span> <span class='ocrx_word' id='word_1_38' title='bbox 553 1047 585 1094; x_wconf 88' lang='lat' dir='ltr'><strong>tu</strong></span> <span class='ocrx_word' id='word_1_39' title='bbox 599 1037 630 1094; x_wconf 93' lang='lat' dir='ltr'><strong>in</strong></span> <span class='ocrx_word' id='word_1_40' title='bbox 642 1037 789 1114; x_wconf 67' lang='lat' dir='ltr'><strong>pubinum</strong></span> <span class='ocrx_word' id='word_1_41' title='bbox 801 1034 939 1111; x_wconf 75' lang='lat' dir='ltr'><strong>objecisti,</strong></span> <span class='ocrx_word' id='word_1_42' title='bbox 953 1045 984 1092; x_wconf 90' lang='lat' dir='ltr'><strong>tu</strong></span> <span class='ocrx_word' id='word_1_43' title='bbox 999 1035 1150 1110; x_wconf 82' lang='lat' dir='ltr'><strong>spoliatum</strong></span> <span class='ocrx_word' id='word_1_44' title='bbox 1163 1032 1245 1094; x_wconf 83' lang='lat' dir='ltr'><strong>¹ime·</strong></span> 
     </span>
     <span class='ocr_line' id='line_1_6' title="bbox 264 1129 1283 1215; baseline 0.001 -23"><span class='ocrx_word' id='word_1_45' title='bbox 264 1136 387 1215; x_wconf 79' lang='lat' dir='ltr'><strong>glnibus,</strong></span> <span class='ocrx_word' id='word_1_46' title='bbox 407 1135 560 1211; x_wconf 72' lang='lat' dir='ltr'><strong>exsequi‘n,</strong></span> <span class='ocrx_word' id='word_1_47' title='bbox 588 1152 702 1212; x_wconf 81' lang='lat' dir='ltr'><strong>pompe,</strong></span> <span class='ocrx_word' id='word_1_48' title='bbox 728 1133 898 1203; x_wconf 65' lang='lat' dir='ltr'><strong>mundone,</strong></span> <span class='ocrx_word' id='word_1_49' title='bbox 924 1129 1132 1190; x_wconf 73' lang='lat' dir='ltr'><strong>’infelicissimis</strong></span> <span class='ocrx_word' id='word_1_50' title='bbox 1159 1132 1244 1210; x_wconf 80' lang='lat' dir='ltr'><strong>lignIs</strong></span> <span class='ocrx_word' id='word_1_51' title='bbox 1267 1146 1283 1193; x_wconf 75' lang='lat' dir='ltr'><strong>n</strong></span> 
     </span>
     <span class='ocr_line' id='line_1_7' title="bbox 263 1227 1243 1304; baseline -0.003 -15"><span class='ocrx_word' id='word_1_52' title='bbox 263 1227 499 1302; x_wconf 73' lang='lat' dir='ltr'><strong>’semustulatum</strong></span> <span class='ocrx_word' id='word_1_53' title='bbox 523 1231 669 1289; x_wconf 89' lang='lat' dir='ltr'><strong>nocturnis</strong></span> <span class='ocrx_word' id='word_1_54' title='bbox 706 1229 827 1288; x_wconf 82' lang='lat' dir='ltr'><strong>canibus</strong></span> <span class='ocrx_word' id='word_1_55' title='bbox 867 1227 1062 1286; x_wconf 69' lang='lat' dir='ltr'><strong>nemineum</strong></span> <span class='ocrx_word' id='word_1_56' title='bbox 1095 1227 1243 1304; x_wconf 75' lang='lat' dir='ltr'><strong>sedquisti.</strong></span> 
     </span>
     <span class='ocr_line' id='line_1_8' title="bbox 266 1323 1245 1400; baseline -0.003 -15"><span class='ocrx_word' id='word_1_57' title='bbox 266 1325 365 1400; x_wconf 77' lang='lat' dir='ltr'><strong>Quare</strong></span> <span class='ocrx_word' id='word_1_58' title='bbox 387 1327 441 1385; x_wconf 86' lang='lat' dir='ltr'><strong>etsi</strong></span> <span class='ocrx_word' id='word_1_59' title='bbox 463 1324 571 1384; x_wconf 79' lang='lat' dir='ltr'><strong>nefarie</strong></span> <span class='ocrx_word' id='word_1_60' title='bbox 594 1325 695 1397; x_wconf 78' lang='lat' dir='ltr'><strong>iecisti,</strong></span> <span class='ocrx_word' id='word_1_61' title='bbox 713 1334 820 1395; x_wconf 73' lang='lat' dir='ltr'><strong>temen</strong></span> <span class='ocrx_word' id='word_1_62' title='bbox 840 1323 975 1400; x_wconf 78' lang='lat' dir='ltr'><strong>quonium</strong></span> <span class='ocrx_word' id='word_1_63' title='bbox 999 1323 1029 1380; x_wconf 88' lang='lat' dir='ltr'><strong>in</strong></span> <span class='ocrx_word' id='word_1_64' title='bbox 1049 1341 1113 1381; x_wconf 91' lang='lat' dir='ltr'><strong>meo</strong></span> <span class='ocrx_word' id='word_1_65' title='bbox 1132 1323 1245 1382; x_wconf 75' lang='lat' dir='ltr'><strong>utimieo</strong></span> 
     </span>
     <span class='ocr_line' id='line_1_9' title="bbox 265 1417 1245 1498; baseline -0.003 -17"><span class='ocrx_word' id='word_1_66' title='bbox 265 1421 462 1481; x_wconf 80' lang='lat' dir='ltr'>crudelitatem</span> <span class='ocrx_word' id='word_1_67' title='bbox 475 1422 676 1498; x_wconf 76' lang='lat' dir='ltr'>exprompsisti</span> <span class='ocrx_word' id='word_1_68' title='bbox 695 1429 785 1492; x_wconf 87' lang='lat' dir='ltr'><strong>tuam,</strong></span> <span class='ocrx_word' id='word_1_69' title='bbox 797 1417 926 1478; x_wconf 72' lang='lat' dir='ltr'><strong>‘laudare</strong></span> <span class='ocrx_word' id='word_1_70' title='bbox 947 1439 1002 1478; x_wconf 87' lang='lat' dir='ltr'><strong>non</strong></span> <span class='ocrx_word' id='word_1_71' title='bbox 1023 1437 1147 1496; x_wconf 65' lang='lat' dir='ltr'><strong>mesum,</strong></span> <span class='ocrx_word' id='word_1_72' title='bbox 1160 1419 1245 1478; x_wconf 70' lang='lat' dir='ltr'><strong>iresd</strong></span> 
     </span>
     <span class='ocr_line' id='line_1_10' title="bbox 264 1513 1246 1598; baseline -0.006 -18"><span class='ocrx_word' id='word_1_73' title='bbox 264 1529 342 1580; x_wconf 83' lang='lat' dir='ltr'><strong>certe</strong></span> <span class='ocrx_word' id='word_1_74' title='bbox 361 1537 420 1578; x_wconf 90' lang='lat' dir='ltr'><strong>non</strong></span> <span class='ocrx_word' id='word_1_75' title='bbox 440 1519 538 1577; x_wconf 86' lang='lat' dir='ltr'><strong>debeo.</strong></span> <span class='ocrx_word' id='word_1_76' title='bbox 588 1519 636 1576; x_wconf 75' lang='lat' dir='ltr'><strong>ut.</strong></span> <span class='ocrx_word' id='word_1_77' title='bbox 668 1516 826 1598; x_wconf 71' lang='lat' dir='ltr'><strong>[Audistis.</strong></span> <span class='ocrx_word' id='word_1_78' title='bbox 844 1515 971 1596; x_wconf 80' lang='lat' dir='ltr'><strong>judicet,</strong></span> <span class='ocrx_word' id='word_1_79' title='bbox 993 1526 1132 1595; x_wconf 81' lang='lat' dir='ltr'><strong>quantum</strong></span> <span class='ocrx_word' id='word_1_80' title='bbox 1151 1513 1246 1576; x_wconf 80' lang='lat' dir='ltr'><strong>Clodii</strong></span> 
     </span>
     <span class='ocr_line' id='line_1_11' title="bbox 265 1613 1285 1694; baseline 0.001 -21"><span class='ocrx_word' id='word_1_81' title='bbox 265 1613 357 1694; x_wconf 78' lang='lat' dir='ltr'><strong>inter]</strong></span> <span class='ocrx_word' id='word_1_82' title='bbox 370 1613 459 1673; x_wconf 71' lang='lat' dir='ltr'><strong>luerit</strong></span> <span class='ocrx_word' id='word_1_83' title='bbox 469 1613 572 1674; x_wconf 72' lang='lat' dir='ltr'><strong>‘ceddi</strong></span> <span class='ocrx_word' id='word_1_84' title='bbox 586 1615 733 1674; x_wconf 79' lang='lat' dir='ltr'><strong>Milonem.</strong></span> <span class='ocrx_word' id='word_1_85' title='bbox 768 1613 936 1674; x_wconf 75' lang='lat' dir='ltr'><strong>convertite</strong></span> <span class='ocrx_word' id='word_1_86' title='bbox 949 1614 1058 1672; x_wconf 79' lang='lat' dir='ltr'><strong>animos</strong></span> <span class='ocrx_word' id='word_1_87' title='bbox 1071 1631 1147 1672; x_wconf 90' lang='lat' dir='ltr'><strong>nnnc</strong></span> <span class='ocrx_word' id='word_1_88' title='bbox 1161 1613 1285 1674; x_wconf 82' lang='lat' dir='ltr'><strong>vicis-1⁰</strong></span> 
     </span>
     <span class='ocr_line' id='line_1_12' title="bbox 266 1703 1244 1786; baseline -0.001 -17"><span class='ocrx_word' id='word_1_89' title='bbox 266 1712 320 1769; x_wconf 74' lang='lat' dir='ltr'><strong>sIm</strong></span> <span class='ocrx_word' id='word_1_90' title='bbox 332 1703 369 1771; x_wconf 84' lang='lat' dir='ltr'><strong>sd</strong></span> <span class='ocrx_word' id='word_1_91' title='bbox 384 1711 545 1784; x_wconf 53' lang='lat' dir='ltr'><strong>Milonem,</strong></span> <span class='ocrx_word' id='word_1_92' title='bbox 572 1709 650 1786; x_wconf 79' lang='lat' dir='ltr'><strong>Quid</strong></span> <span class='ocrx_word' id='word_1_93' title='bbox 663 1710 781 1769; x_wconf 80' lang='lat' dir='ltr'><strong>Milonis</strong></span> <span class='ocrx_word' id='word_1_94' title='bbox 799 1709 938 1770; x_wconf 70' lang='lat' dir='ltr'><strong>intererat</strong></span> <span class='ocrx_word' id='word_1_95' title='bbox 950 1709 1072 1770; x_wconf 78' lang='lat' dir='ltr'><strong>interfici</strong></span> <span class='ocrx_word' id='word_1_96' title='bbox 1087 1705 1244 1770; x_wconf 75' lang='lat' dir='ltr'><strong>Clodium?</strong></span> 
     </span>
     <span class='ocr_line' id='line_1_13' title="bbox 266 1805 1246 1883; baseline 0 -19"><span class='ocrx_word' id='word_1_97' title='bbox 266 1805 345 1881; x_wconf 83' lang='lat' dir='ltr'><strong>Quid</strong></span> <span class='ocrx_word' id='word_1_98' title='bbox 365 1817 435 1878; x_wconf 86' lang='lat' dir='ltr'><strong>erat,</strong></span> <span class='ocrx_word' id='word_1_99' title='bbox 448 1827 500 1866; x_wconf 91' lang='lat' dir='ltr'><strong>cur</strong></span> <span class='ocrx_word' id='word_1_100' title='bbox 519 1806 603 1879; x_wconf 81' lang='lat' dir='ltr'><strong>Milo,</strong></span> <span class='ocrx_word' id='word_1_101' title='bbox 615 1825 671 1865; x_wconf 90' lang='lat' dir='ltr'><strong>non</strong></span> <span class='ocrx_word' id='word_1_102' title='bbox 690 1808 785 1866; x_wconf 75' lang='lat' dir='ltr'><strong>dim</strong></span> <span class='ocrx_word' id='word_1_103' title='bbox 804 1805 976 1878; x_wconf 71' lang='lat' dir='ltr'><strong>admitteree,</strong></span> <span class='ocrx_word' id='word_1_104' title='bbox 996 1807 1045 1864; x_wconf 85' lang='lat' dir='ltr'><strong>sed</strong></span> <span class='ocrx_word' id='word_1_105' title='bbox 1064 1805 1246 1883; x_wconf 79' lang='lat' dir='ltr'><strong>optaret?-</strong></span> 
     </span>
     <span class='ocr_line' id='line_1_14' title="bbox 265 1899 1244 1980; baseline 0 -18"><span class='ocrx_word' id='word_1_106' title='bbox 265 1899 407 1962; x_wconf 80' lang='lat' dir='ltr'><strong>Obstebet</strong></span> <span class='ocrx_word' id='word_1_107' title='bbox 427 1903 458 1961; x_wconf 90' lang='lat' dir='ltr'><strong>in</strong></span> <span class='ocrx_word' id='word_1_108' title='bbox 477 1923 529 1980; x_wconf 91' lang='lat' dir='ltr'><strong>spe</strong></span> <span class='ocrx_word' id='word_1_109' title='bbox 548 1903 711 1962; x_wconf 83' lang='lat' dir='ltr'><strong>consulatus</strong></span> <span class='ocrx_word' id='word_1_110' title='bbox 724 1899 835 1963; x_wconf 76' lang='lat' dir='ltr'><strong>Miloni</strong></span> <span class='ocrx_word' id='word_1_111' title='bbox 844 1901 1073 1963; x_wconf 74' lang='lat' dir='ltr'><strong>cloden-At</strong></span> <span class='ocrx_word' id='word_1_112' title='bbox 1092 1921 1128 1962; x_wconf 85' lang='lat' dir='ltr'><strong>eo</strong></span> <span class='ocrx_word' id='word_1_113' title='bbox 1141 1921 1244 1980; x_wconf 85' lang='lat' dir='ltr'><strong>repug-</strong></span> 
     </span>
     <span class='ocr_line' id='line_1_15' title="bbox 266 1995 1244 2076; baseline 0 -19"><span class='ocrx_word' id='word_1_114' title='bbox 266 2009 354 2058; x_wconf 83' lang='lat' dir='ltr'><strong>nnnte</strong></span> <span class='ocrx_word' id='word_1_115' title='bbox 366 1995 478 2068; x_wconf 72' lang='lat' dir='ltr'><strong>‘tiebat3</strong></span> <span class='ocrx_word' id='word_1_116' title='bbox 491 2001 580 2058; x_wconf 89' lang='lat' dir='ltr'><strong>immo</strong></span> <span class='ocrx_word' id='word_1_117' title='bbox 591 2015 663 2058; x_wconf 85' lang='lat' dir='ltr'><strong>vero</strong></span> <span class='ocrx_word' id='word_1_118' title='bbox 675 2017 711 2058; x_wconf 88' lang='lat' dir='ltr'><strong>eo</strong></span> <span class='ocrx_word' id='word_1_119' title='bbox 722 2001 811 2058; x_wconf 70' lang='lat' dir='ltr'><strong>fiebat</strong></span> <span class='ocrx_word' id='word_1_120' title='bbox 822 2001 922 2076; x_wconf 59' lang='lat' dir='ltr'><strong>megin</strong></span> <span class='ocrx_word' id='word_1_121' title='bbox 931 2017 984 2057; x_wconf 88' lang='lat' dir='ltr'><strong>nee</strong></span> <span class='ocrx_word' id='word_1_122' title='bbox 997 2017 1044 2058; x_wconf 87' lang='lat' dir='ltr'><strong>me</strong></span> <span class='ocrx_word' id='word_1_123' title='bbox 1057 1998 1244 2076; x_wconf 82' lang='lat' dir='ltr'><strong>suffragatore</strong></span> 
     </span>
     <span class='ocr_line' id='line_1_16' title="bbox 265 2093 1285 2172; baseline 0.003 -19"><span class='ocrx_word' id='word_1_124' title='bbox 265 2095 383 2154; x_wconf 89' lang='lat' dir='ltr'><strong>meliore</strong></span> <span class='ocrx_word' id='word_1_125' title='bbox 404 2097 536 2154; x_wconf 88' lang='lat' dir='ltr'><strong>utebetur</strong></span> <span class='ocrx_word' id='word_1_126' title='bbox 553 2113 641 2172; x_wconf 84' lang='lat' dir='ltr'><strong>quern</strong></span> <span class='ocrx_word' id='word_1_127' title='bbox 662 2093 771 2155; x_wconf 78' lang='lat' dir='ltr'><strong>Clodio.</strong></span> <span class='ocrx_word' id='word_1_128' title='bbox 810 2093 935 2154; x_wconf 79' lang='lat' dir='ltr'><strong>Velebet</strong></span> <span class='ocrx_word' id='word_1_129' title='bbox 955 2095 1031 2172; x_wconf 88' lang='lat' dir='ltr'><strong>apud</strong></span> <span class='ocrx_word' id='word_1_130' title='bbox 1051 2113 1110 2168; x_wconf 84' lang='lat' dir='ltr'><strong>vos,</strong></span> <span class='ocrx_word' id='word_1_131' title='bbox 1126 2095 1285 2170; x_wconf 63' lang='lat' dir='ltr'><strong>judicante</strong></span> 
     </span>
     <span class='ocr_line' id='line_1_17' title="bbox 266 2189 1247 2268; baseline 0.002 -20"><span class='ocrx_word' id='word_1_132' title='bbox 266 2189 385 2250; x_wconf 76' lang='lat' dir='ltr'><strong>Milonis</strong></span> <span class='ocrx_word' id='word_1_133' title='bbox 404 2209 473 2268; x_wconf 81' lang='lat' dir='ltr'><strong>erga</strong></span> <span class='ocrx_word' id='word_1_134' title='bbox 492 2209 539 2249; x_wconf 90' lang='lat' dir='ltr'><strong>me</strong></span> <span class='ocrx_word' id='word_1_135' title='bbox 551 2207 670 2266; x_wconf 89' lang='lat' dir='ltr'><strong>remque</strong></span> <span class='ocrx_word' id='word_1_136' title='bbox 683 2191 827 2267; x_wconf 85' lang='lat' dir='ltr'><strong>publicem</strong></span> <span class='ocrx_word' id='word_1_137' title='bbox 846 2192 1010 2250; x_wconf 89' lang='lat' dir='ltr'><strong>meritorum</strong></span> <span class='ocrx_word' id='word_1_138' title='bbox 1024 2191 1178 2259; x_wconf 79' lang='lat' dir='ltr'><strong>memorie3</strong></span> <span class='ocrx_word' id='word_1_139' title='bbox 1197 2209 1247 2250; x_wconf 85' lang='lat' dir='ltr'><strong>ra·</strong></span> 
     </span>
     <span class='ocr_line' id='line_1_18' title="bbox 267 2287 1247 2366; baseline 0 -20"><span class='ocrx_word' id='word_1_140' title='bbox 267 2289 364 2347; x_wconf 85' lang='lat' dir='ltr'><strong>lebant</strong></span> <span class='ocrx_word' id='word_1_141' title='bbox 377 2307 475 2365; x_wconf 89' lang='lat' dir='ltr'><strong>preces</strong></span> <span class='ocrx_word' id='word_1_142' title='bbox 487 2297 518 2347; x_wconf 90' lang='lat' dir='ltr'><strong>et</strong></span> <span class='ocrx_word' id='word_1_143' title='bbox 530 2287 665 2347; x_wconf 74' lang='lat' dir='ltr'><strong>lacrimae</strong></span> <span class='ocrx_word' id='word_1_144' title='bbox 676 2297 799 2359; x_wconf 87' lang='lat' dir='ltr'><strong>nostree,</strong></span> <span class='ocrx_word' id='word_1_145' title='bbox 808 2287 911 2364; x_wconf 88' lang='lat' dir='ltr'><strong>quibus</strong></span> <span class='ocrx_word' id='word_1_146' title='bbox 924 2307 979 2366; x_wconf 85' lang='lat' dir='ltr'><strong>ego</strong></span> <span class='ocrx_word' id='word_1_147' title='bbox 991 2295 1051 2346; x_wconf 86' lang='lat' dir='ltr'><strong>tum</strong></span> <span class='ocrx_word' id='word_1_148' title='bbox 1066 2307 1118 2346; x_wconf 78' lang='lat' dir='ltr'><strong>ros</strong></span> <span class='ocrx_word' id='word_1_149' title='bbox 1127 2287 1247 2346; x_wconf 85' lang='lat' dir='ltr'><strong>miridee</strong></span> 
     </span>
     <span class='ocr_line' id='line_1_19' title="bbox 266 2385 1248 2462; baseline 0 -20"><span class='ocrx_word' id='word_1_150' title='bbox 266 2385 376 2443; x_wconf 84' lang='lat' dir='ltr'><strong>moveri</strong></span> <span class='ocrx_word' id='word_1_151' title='bbox 395 2385 569 2454; x_wconf 71' lang='lat' dir='ltr'><strong>sentiebam</strong></span> <span class='ocrx_word' id='word_1_152' title='bbox 588 2385 640 2444; x_wconf 87' lang='lat' dir='ltr'><strong>sed</strong></span> <span class='ocrx_word' id='word_1_153' title='bbox 658 2385 723 2462; x_wconf 88' lang='lat' dir='ltr'><strong>plns</strong></span> <span class='ocrx_word' id='word_1_154' title='bbox 742 2385 832 2443; x_wconf 74' lang='lat' dir='ltr'><strong>mehe</strong></span> <span class='ocrx_word' id='word_1_155' title='bbox 851 2385 966 2444; x_wconf 80' lang='lat' dir='ltr'><strong>valebat</strong></span> <span class='ocrx_word' id='word_1_156' title='bbox 986 2385 1175 2462; x_wconf 80' lang='lat' dir='ltr'><strong>periculorum</strong></span> <span class='ocrx_word' id='word_1_157' title='bbox 1195 2385 1248 2442; x_wconf 86' lang='lat' dir='ltr'><strong>im·</strong></span> 
     </span>
     <span class='ocr_line' id='line_1_20' title="bbox 266 2480 1247 2558; baseline 0.002 -20"><span class='ocrx_word' id='word_1_158' title='bbox 266 2481 452 2558; x_wconf 80' lang='lat' dir='ltr'><strong>pendentium</strong></span> <span class='ocrx_word' id='word_1_159' title='bbox 465 2483 559 2540; x_wconf 86' lang='lat' dir='ltr'><strong>timor.</strong></span> <span class='ocrx_word' id='word_1_160' title='bbox 599 2480 673 2558; x_wconf 80' lang='lat' dir='ltr'><strong>Quis</strong></span> <span class='ocrx_word' id='word_1_161' title='bbox 692 2482 771 2540; x_wconf 89' lang='lat' dir='ltr'><strong>enim</strong></span> <span class='ocrx_word' id='word_1_162' title='bbox 789 2481 981 2552; x_wconf 68' lang='lat' dir='ltr'><strong>censorium,</strong></span> <span class='ocrx_word' id='word_1_163' title='bbox 994 2483 1043 2558; x_wconf 89' lang='lat' dir='ltr'><strong>qui</strong></span> <span class='ocrx_word' id='word_1_164' title='bbox 1057 2481 1111 2540; x_wconf 85' lang='lat' dir='ltr'><strong>sibi</strong></span> <span class='ocrx_word' id='word_1_165' title='bbox 1125 2481 1247 2540; x_wconf 80' lang='lat' dir='ltr'><strong>solutam</strong></span> 
     </span>
     <span class='ocr_line' id='line_1_21' title="bbox 266 2576 1287 2655; baseline 0.002 -19"><span class='ocrx_word' id='word_1_166' title='bbox 266 2576 304 2636; x_wconf 90' lang='lat' dir='ltr'><strong>P.</strong></span> <span class='ocrx_word' id='word_1_167' title='bbox 319 2576 413 2638; x_wconf 75' lang='lat' dir='ltr'><strong>cndu</strong></span> <span class='ocrx_word' id='word_1_168' title='bbox 427 2588 591 2655; x_wconf 80' lang='lat' dir='ltr'><strong>praeturam</strong></span> <span class='ocrx_word' id='word_1_169' title='bbox 610 2580 672 2637; x_wconf 88' lang='lat' dir='ltr'><strong>sine</strong></span> <span class='ocrx_word' id='word_1_170' title='bbox 685 2579 812 2637; x_wconf 83' lang='lat' dir='ltr'><strong>maxime</strong></span> <span class='ocrx_word' id='word_1_171' title='bbox 824 2596 922 2637; x_wconf 86' lang='lat' dir='ltr'><strong>rerum</strong></span> <span class='ocrx_word' id='word_1_172' title='bbox 935 2597 1074 2636; x_wconf 87' lang='lat' dir='ltr'><strong>novarum</strong></span> <span class='ocrx_word' id='word_1_173' title='bbox 1088 2591 1166 2637; x_wconf 89' lang='lat' dir='ltr'><strong>metu</strong></span> <span class='ocrx_word' id='word_1_174' title='bbox 1181 2589 1287 2655; x_wconf 75' lang='lat' dir='ltr'><strong>pro-au</strong></span> 
     </span>
     <span class='ocr_line' id='line_1_22' title="bbox 266 2671 1248 2750; baseline 0 -18"><span class='ocrx_word' id='word_1_175' title='bbox 266 2671 407 2750; x_wconf 81' lang='lat' dir='ltr'><strong>poneret?</strong></span> <span class='ocrx_word' id='word_1_176' title='bbox 447 2673 577 2733; x_wconf 82' lang='lat' dir='ltr'><strong>Solutum</strong></span> <span class='ocrx_word' id='word_1_177' title='bbox 596 2684 693 2732; x_wconf 85' lang='lat' dir='ltr'><strong>eutem</strong></span> <span class='ocrx_word' id='word_1_178' title='bbox 711 2673 774 2733; x_wconf 82' lang='lat' dir='ltr'><strong>fore</strong></span> <span class='ocrx_word' id='word_1_179' title='bbox 786 2673 936 2744; x_wconf 79' lang='lat' dir='ltr'><strong>videbatis,</strong></span> <span class='ocrx_word' id='word_1_180' title='bbox 947 2675 1001 2732; x_wconf 88' lang='lat' dir='ltr'><strong>nisi</strong></span> <span class='ocrx_word' id='word_1_181' title='bbox 1015 2683 1091 2733; x_wconf 81' lang='lat' dir='ltr'><strong>eeset</strong></span> <span class='ocrx_word' id='word_1_182' title='bbox 1104 2675 1128 2732; x_wconf 89' lang='lat' dir='ltr'><strong>is</strong></span> <span class='ocrx_word' id='word_1_183' title='bbox 1141 2673 1248 2745; x_wconf 87' lang='lat' dir='ltr'><strong>eonenl,</strong></span> 
     </span>
     <span class='ocr_line' id='line_1_23' title="bbox 266 2769 1248 2848; baseline 0.002 -21"><span class='ocrx_word' id='word_1_184' title='bbox 266 2770 317 2845; x_wconf 91' lang='lat' dir='ltr'><strong>qui</strong></span> <span class='ocrx_word' id='word_1_185' title='bbox 343 2788 408 2828; x_wconf 86' lang='lat' dir='ltr'><strong>eam</strong></span> <span class='ocrx_word' id='word_1_186' title='bbox 434 2770 554 2829; x_wconf 79' lang='lat' dir='ltr'><strong>auderet</strong></span> <span class='ocrx_word' id='word_1_187' title='bbox 579 2781 732 2848; x_wconf 82' lang='lat' dir='ltr'><strong>possetque</strong></span> <span class='ocrx_word' id='word_1_188' title='bbox 754 2771 956 2848; x_wconf 80' lang='lat' dir='ltr'><strong>constringere.</strong></span> <span class='ocrx_word' id='word_1_189' title='bbox 1007 2769 1084 2828; x_wconf 88' lang='lat' dir='ltr'><strong>Eum</strong></span> <span class='ocrx_word' id='word_1_190' title='bbox 1107 2770 1248 2830; x_wconf 78' lang='lat' dir='ltr'><strong>Milonem</strong></span> 
     </span>
     <span class='ocr_line' id='line_1_24' title="bbox 266 2865 1248 2943; baseline 0.002 -19"><span class='ocrx_word' id='word_1_191' title='bbox 266 2885 357 2924; x_wconf 90' lang='lat' dir='ltr'><strong>unum</strong></span> <span class='ocrx_word' id='word_1_192' title='bbox 377 2885 440 2924; x_wconf 89' lang='lat' dir='ltr'><strong>esse</strong></span> <span class='ocrx_word' id='word_1_193' title='bbox 458 2884 548 2942; x_wconf 84' lang='lat' dir='ltr'><strong>quum</strong></span> <span class='ocrx_word' id='word_1_194' title='bbox 567 2866 686 2924; x_wconf 76' lang='lat' dir='ltr'><strong>sentiret</strong></span> <span class='ocrx_word' id='word_1_195' title='bbox 704 2866 855 2924; x_wconf 77' lang='lat' dir='ltr'><strong>unirersus</strong></span> <span class='ocrx_word' id='word_1_196' title='bbox 874 2866 995 2943; x_wconf 87' lang='lat' dir='ltr'><strong>populus</strong></span> <span class='ocrx_word' id='word_1_197' title='bbox 1017 2865 1171 2938; x_wconf 76' lang='lat' dir='ltr'><strong>Romanus,</strong></span> <span class='ocrx_word' id='word_1_198' title='bbox 1183 2865 1248 2942; x_wconf 89' lang='lat' dir='ltr'><strong>quis</strong></span> 
     </span>
    </p>
   </div>
   <div class='ocr_carea' id='block_1_3' title="bbox 166 2957 1248 3038">
    <p class='ocr_par' dir='ltr' id='par_1_3' title="bbox 166 2957 1248 3038">
     <span class='ocr_line' id='line_1_25' title="bbox 166 2957 1248 3038; baseline 0.003 -20"><span class='ocrx_word' id='word_1_199' title='bbox 166 2957 169 2960; x_wconf 69' lang='grc'><strong><em>’</em></strong></span> <span class='ocrx_word' id='word_1_200' title='bbox 267 2961 410 3020; x_wconf 85' lang='lat' dir='ltr'><strong>dubitaret</strong></span> <span class='ocrx_word' id='word_1_201' title='bbox 423 2961 558 3038; x_wconf 76' lang='lat' dir='ltr'><strong>suffragio</strong></span> <span class='ocrx_word' id='word_1_202' title='bbox 572 2981 623 3020; x_wconf 87' lang='lat' dir='ltr'><strong>seo</strong></span> <span class='ocrx_word' id='word_1_203' title='bbox 635 2979 668 3019; x_wconf 86' lang='lat' dir='ltr'><strong>se</strong></span> <span class='ocrx_word' id='word_1_204' title='bbox 687 2971 775 3034; x_wconf 85' lang='lat' dir='ltr'><strong>metu,</strong></span> <span class='ocrx_word' id='word_1_205' title='bbox 789 2963 916 3038; x_wconf 88' lang='lat' dir='ltr'><strong>periculo</strong></span> <span class='ocrx_word' id='word_1_206' title='bbox 935 2981 995 3020; x_wconf 87' lang='lat' dir='ltr'><strong>rem</strong></span> <span class='ocrx_word' id='word_1_207' title='bbox 1017 2963 1158 3038; x_wconf 90' lang='lat' dir='ltr'><strong>pnblienm</strong></span> <span class='ocrx_word' id='word_1_208' title='bbox 1178 2961 1248 3021; x_wconf 90' lang='lat' dir='ltr'><strong>libe·</strong></span> 
     </span>
    </p>
   </div>
   <div class='ocr_carea' id='block_1_4' title="bbox 268 3053 1289 4191">
    <p class='ocr_par' dir='ltr' id='par_1_4' title="bbox 268 3053 1289 4191">
     <span class='ocr_line' id='line_1_26' title="bbox 268 3053 1287 3134; baseline 0.004 -18"><span class='ocrx_word' id='word_1_209' title='bbox 268 3057 352 3116; x_wconf 85' lang='lat' dir='ltr'><strong>rere?</strong></span> <span class='ocrx_word' id='word_1_210' title='bbox 383 3059 427 3116; x_wconf 85' lang='lat' dir='ltr'><strong>At</strong></span> <span class='ocrx_word' id='word_1_211' title='bbox 438 3077 523 3130; x_wconf 91' lang='lat' dir='ltr'><strong>nunc,</strong></span> <span class='ocrx_word' id='word_1_212' title='bbox 534 3056 636 3118; x_wconf 83' lang='lat' dir='ltr'><strong>Clodio</strong></span> <span class='ocrx_word' id='word_1_213' title='bbox 648 3067 767 3129; x_wconf 88' lang='lat' dir='ltr'><strong>remoto,</strong></span> <span class='ocrx_word' id='word_1_214' title='bbox 778 3053 900 3117; x_wconf 61' lang='lat' dir='ltr'><strong>&#39;uelutis</strong></span> <span class='ocrx_word' id='word_1_215' title='bbox 908 3057 971 3134; x_wconf 86' lang='lat' dir='ltr'><strong>jem</strong></span> <span class='ocrx_word' id='word_1_216' title='bbox 983 3059 1069 3117; x_wconf 87' lang='lat' dir='ltr'><strong>rebus</strong></span> <span class='ocrx_word' id='word_1_217' title='bbox 1083 3059 1287 3120; x_wconf 77' lang='lat' dir='ltr'><strong>enitendumas</strong></span> 
     </span>
     <span class='ocr_line' id='line_1_27' title="bbox 269 3151 1248 3230; baseline 0.003 -19"><span class='ocrx_word' id='word_1_218' title='bbox 269 3163 313 3211; x_wconf 86' lang='lat' dir='ltr'><strong>eet</strong></span> <span class='ocrx_word' id='word_1_219' title='bbox 319 3151 432 3224; x_wconf 64' lang='lat' dir='ltr'><strong>Miloni</strong></span> <span class='ocrx_word' id='word_1_220' title='bbox 442 3162 475 3210; x_wconf 91' lang='lat' dir='ltr'><strong>nt</strong></span> <span class='ocrx_word' id='word_1_221' title='bbox 487 3162 603 3211; x_wconf 73' lang='lat' dir='ltr'><strong>tueantr</strong></span> <span class='ocrx_word' id='word_1_222' title='bbox 615 3153 783 3230; x_wconf 79' lang='lat' dir='ltr'><strong>dIgnitatem</strong></span> <span class='ocrx_word' id='word_1_223' title='bbox 796 3173 897 3220; x_wconf 76' lang='lat' dir='ltr'><strong>suem3</strong></span> <span class='ocrx_word' id='word_1_224' title='bbox 916 3154 1069 3230; x_wconf 80' lang='lat' dir='ltr'><strong>siugulsris</strong></span> <span class='ocrx_word' id='word_1_225' title='bbox 1082 3153 1132 3212; x_wconf 87' lang='lat' dir='ltr'><strong>ille</strong></span> <span class='ocrx_word' id='word_1_226' title='bbox 1142 3153 1248 3214; x_wconf 81' lang='lat' dir='ltr'><strong>ethelo</strong></span> 
     </span>
     <span class='ocr_line' id='line_1_28' title="bbox 269 3247 1249 3328; baseline 0.003 -21"><span class='ocrx_word' id='word_1_227' title='bbox 269 3249 319 3307; x_wconf 88' lang='lat' dir='ltr'><strong>nni</strong></span> <span class='ocrx_word' id='word_1_228' title='bbox 331 3267 464 3307; x_wconf 80' lang='lat' dir='ltr'><strong>conoesse</strong></span> <span class='ocrx_word' id='word_1_229' title='bbox 476 3248 575 3326; x_wconf 65' lang='lat' dir='ltr'><strong>glorie5</strong></span> <span class='ocrx_word' id='word_1_230' title='bbox 588 3267 664 3325; x_wconf 81' lang='lat' dir='ltr'><strong>quse</strong></span> <span class='ocrx_word' id='word_1_231' title='bbox 676 3249 803 3327; x_wconf 86' lang='lat' dir='ltr'><strong>quotidie</strong></span> <span class='ocrx_word' id='word_1_232' title='bbox 815 3251 973 3326; x_wconf 85' lang='lat' dir='ltr'><strong>aegebetur</strong></span> <span class='ocrx_word' id='word_1_233' title='bbox 985 3247 1159 3328; x_wconf 68' lang='lat' dir='ltr'><strong>‘frangendis</strong></span> <span class='ocrx_word' id='word_1_234' title='bbox 1172 3249 1249 3310; x_wconf 80' lang='lat' dir='ltr'><strong>lirro-</strong></span> 
     </span>
     <span class='ocr_line' id='line_1_29' title="bbox 268 3342 1249 3422; baseline 0.001 -19"><span class='ocrx_word' id='word_1_235' title='bbox 268 3347 348 3403; x_wconf 68' lang='lat' dir='ltr'><strong>ribus</strong></span> <span class='ocrx_word' id='word_1_236' title='bbox 364 3342 517 3416; x_wconf 83' lang='lat' dir='ltr'><strong>Clodianis,</strong></span> <span class='ocrx_word' id='word_1_237' title='bbox 526 3343 589 3422; x_wconf 84' lang='lat' dir='ltr'><strong>jam</strong></span> <span class='ocrx_word' id='word_1_238' title='bbox 604 3343 699 3404; x_wconf 85' lang='lat' dir='ltr'><strong>Clodii</strong></span> <span class='ocrx_word' id='word_1_239' title='bbox 719 3353 811 3404; x_wconf 83' lang='lat' dir='ltr'><strong>morte</strong></span> <span class='ocrx_word' id='word_1_240' title='bbox 824 3345 933 3404; x_wconf 82' lang='lat' dir='ltr'><strong>cecidit.</strong></span> <span class='ocrx_word' id='word_1_241' title='bbox 980 3345 1041 3404; x_wconf 89' lang='lat' dir='ltr'><strong>Vos</strong></span> <span class='ocrx_word' id='word_1_242' title='bbox 1055 3345 1150 3422; x_wconf 85' lang='lat' dir='ltr'><strong>edeptl</strong></span> <span class='ocrx_word' id='word_1_243' title='bbox 1172 3347 1249 3416; x_wconf 81' lang='lat' dir='ltr'><strong>estis,</strong></span> 
     </span>
     <span class='ocr_line' id='line_1_30' title="bbox 268 3441 1248 3516; baseline 0 -16"><span class='ocrx_word' id='word_1_244' title='bbox 268 3459 306 3500; x_wconf 85' lang='lat' dir='ltr'><strong>ne</strong></span> <span class='ocrx_word' id='word_1_245' title='bbox 316 3458 403 3516; x_wconf 87' lang='lat' dir='ltr'><strong>quem</strong></span> <span class='ocrx_word' id='word_1_246' title='bbox 416 3441 509 3498; x_wconf 86' lang='lat' dir='ltr'><strong>civem</strong></span> <span class='ocrx_word' id='word_1_247' title='bbox 523 3442 701 3499; x_wconf 78' lang='lat' dir='ltr'><strong>metueretisz</strong></span> <span class='ocrx_word' id='word_1_248' title='bbox 714 3441 762 3500; x_wconf 88' lang='lat' dir='ltr'><strong>hic</strong></span> <span class='ocrx_word' id='word_1_249' title='bbox 772 3441 1005 3500; x_wconf 72' lang='lat' dir='ltr'><strong>exercitationem</strong></span> <span class='ocrx_word' id='word_1_250' title='bbox 1019 3441 1139 3512; x_wconf 81' lang='lat' dir='ltr'><strong>virtutis,</strong></span> <span class='ocrx_word' id='word_1_251' title='bbox 1148 3441 1248 3500; x_wconf 83' lang='lat' dir='ltr'><strong>snd&#39;rs-</strong></span> 
     </span>
     <span class='ocr_line' id='line_1_31' title="bbox 270 3534 1289 3616; baseline 0.006 -24"><span class='ocrx_word' id='word_1_252' title='bbox 270 3537 411 3613; x_wconf 78' lang='lat' dir='ltr'><strong>getionem</strong></span> <span class='ocrx_word' id='word_1_253' title='bbox 424 3535 594 3607; x_wconf 82' lang='lat' dir='ltr'><strong>consulatus,</strong></span> <span class='ocrx_word' id='word_1_254' title='bbox 607 3534 715 3594; x_wconf 72' lang='lat' dir='ltr'><strong>loeoem</strong></span> <span class='ocrx_word' id='word_1_255' title='bbox 728 3555 884 3613; x_wconf 83' lang='lat' dir='ltr'><strong>perennem</strong></span> <span class='ocrx_word' id='word_1_256' title='bbox 898 3537 1007 3616; x_wconf 75' lang='lat' dir='ltr'><strong>gloriae</strong></span> <span class='ocrx_word' id='word_1_257' title='bbox 1027 3555 1096 3595; x_wconf 88' lang='lat' dir='ltr'><strong>enne</strong></span> <span class='ocrx_word' id='word_1_258' title='bbox 1115 3538 1247 3614; x_wconf 70' lang='lat' dir='ltr'><strong>perdidit.</strong></span> <span class='ocrx_word' id='word_1_259' title='bbox 1256 3549 1289 3599; x_wconf 76' lang='lat' dir='ltr'><strong>so</strong></span> 
     </span>
     <span class='ocr_line' id='line_1_32' title="bbox 271 3629 1249 3708; baseline 0.004 -20"><span class='ocrx_word' id='word_1_260' title='bbox 271 3629 372 3707; x_wconf 77' lang='lat' dir='ltr'><strong>Itaque</strong></span> <span class='ocrx_word' id='word_1_261' title='bbox 392 3629 509 3690; x_wconf 82' lang='lat' dir='ltr'><strong>Milonis</strong></span> <span class='ocrx_word' id='word_1_262' title='bbox 527 3631 700 3703; x_wconf 73' lang='lat' dir='ltr'><strong>consulates,</strong></span> <span class='ocrx_word' id='word_1_263' title='bbox 712 3633 771 3708; x_wconf 86' lang='lat' dir='ltr'><strong>qui,</strong></span> <span class='ocrx_word' id='word_1_264' title='bbox 791 3631 859 3690; x_wconf 82' lang='lat' dir='ltr'><strong>rivo</strong></span> <span class='ocrx_word' id='word_1_265' title='bbox 880 3631 988 3704; x_wconf 81' lang='lat' dir='ltr'><strong>Clodio,</strong></span> <span class='ocrx_word' id='word_1_266' title='bbox 1007 3632 1171 3692; x_wconf 78' lang='lat' dir='ltr'><strong>lebefsetarl</strong></span> <span class='ocrx_word' id='word_1_267' title='bbox 1192 3653 1249 3694; x_wconf 91' lang='lat' dir='ltr'><strong>non</strong></span> 
     </span>
     <span class='ocr_line' id='line_1_33' title="bbox 270 3727 1250 3806; baseline 0.004 -22"><span class='ocrx_word' id='word_1_268' title='bbox 270 3737 390 3803; x_wconf 87' lang='lat' dir='ltr'><strong>poteret,</strong></span> <span class='ocrx_word' id='word_1_269' title='bbox 403 3737 515 3785; x_wconf 87' lang='lat' dir='ltr'><strong>mortuo</strong></span> <span class='ocrx_word' id='word_1_270' title='bbox 526 3727 651 3803; x_wconf 88' lang='lat' dir='ltr'><strong>deniqne</strong></span> <span class='ocrx_word' id='word_1_271' title='bbox 668 3729 774 3785; x_wconf 88' lang='lat' dir='ltr'><strong>tentari</strong></span> <span class='ocrx_word' id='word_1_272' title='bbox 789 3739 908 3804; x_wconf 86' lang='lat' dir='ltr'><strong>coeptos</strong></span> <span class='ocrx_word' id='word_1_273' title='bbox 927 3739 978 3787; x_wconf 83' lang='lat' dir='ltr'><strong>est.</strong></span> <span class='ocrx_word' id='word_1_274' title='bbox 1018 3727 1085 3788; x_wconf 84' lang='lat' dir='ltr'><strong>Non</strong></span> <span class='ocrx_word' id='word_1_275' title='bbox 1099 3731 1185 3790; x_wconf 90' lang='lat' dir='ltr'><strong>modo</strong></span> <span class='ocrx_word' id='word_1_276' title='bbox 1197 3731 1250 3806; x_wconf 80' lang='lat' dir='ltr'><strong>igi·</strong></span> 
     </span>
     <span class='ocr_line' id='line_1_34' title="bbox 269 3821 1249 3900; baseline 0.002 -20"><span class='ocrx_word' id='word_1_277' title='bbox 269 3832 318 3880; x_wconf 89' lang='lat' dir='ltr'><strong>tur</strong></span> <span class='ocrx_word' id='word_1_278' title='bbox 335 3824 407 3882; x_wconf 88' lang='lat' dir='ltr'><strong>nihil</strong></span> <span class='ocrx_word' id='word_1_279' title='bbox 425 3824 548 3900; x_wconf 80' lang='lat' dir='ltr'><strong>prodest,</strong></span> <span class='ocrx_word' id='word_1_280' title='bbox 560 3823 613 3881; x_wconf 87' lang='lat' dir='ltr'><strong>sed</strong></span> <span class='ocrx_word' id='word_1_281' title='bbox 631 3824 713 3882; x_wconf 62' lang='lat' dir='ltr'><strong>nbat</strong></span> <span class='ocrx_word' id='word_1_282' title='bbox 731 3823 817 3883; x_wconf 84' lang='lat' dir='ltr'><strong>etiem</strong></span> <span class='ocrx_word' id='word_1_283' title='bbox 839 3821 932 3884; x_wconf 80' lang='lat' dir='ltr'><strong>Clodii</strong></span> <span class='ocrx_word' id='word_1_284' title='bbox 951 3843 1028 3882; x_wconf 85' lang='lat' dir='ltr'><strong>mors</strong></span> <span class='ocrx_word' id='word_1_285' title='bbox 1048 3824 1161 3884; x_wconf 78' lang='lat' dir='ltr'><strong>Miloni,</strong></span> <span class='ocrx_word' id='word_1_286' title='bbox 1200 3825 1249 3884; x_wconf 74' lang='lat'><strong>85.</strong></span> 
     </span>
     <span class='ocr_line' id='line_1_35' title="bbox 270 3920 1250 3996; baseline -0.006 -12"><span class='ocrx_word' id='word_1_287' title='bbox 270 3925 314 3984; x_wconf 80' lang='lat' dir='ltr'><strong>At</strong></span> <span class='ocrx_word' id='word_1_288' title='bbox 332 3925 422 3982; x_wconf 80' lang='lat' dir='ltr'><strong>valuit</strong></span> <span class='ocrx_word' id='word_1_289' title='bbox 441 3924 546 3993; x_wconf 88' lang='lat' dir='ltr'><strong>odium,</strong></span> <span class='ocrx_word' id='word_1_290' title='bbox 558 3920 627 3980; x_wconf 79' lang='lat' dir='ltr'><strong>lecit</strong></span> <span class='ocrx_word' id='word_1_291' title='bbox 644 3923 745 3994; x_wconf 73' lang='lat' dir='ltr'><strong>iratus,</strong></span> <span class='ocrx_word' id='word_1_292' title='bbox 763 3921 831 3981; x_wconf 81' lang='lat' dir='ltr'><strong>lecit</strong></span> <span class='ocrx_word' id='word_1_293' title='bbox 850 3921 988 3994; x_wconf 85' lang='lat' dir='ltr'><strong>inimicus,</strong></span> <span class='ocrx_word' id='word_1_294' title='bbox 1008 3921 1062 3980; x_wconf 84' lang='lat' dir='ltr'><strong>fuit</strong></span> <span class='ocrx_word' id='word_1_295' title='bbox 1081 3922 1158 3983; x_wconf 74' lang='lat' dir='ltr'><strong>ulwr</strong></span> <span class='ocrx_word' id='word_1_296' title='bbox 1177 3921 1250 3996; x_wconf 85' lang='lat' dir='ltr'><strong>inje-</strong></span> 
     </span>
     <span class='ocr_line' id='line_1_36' title="bbox 270 4016 1288 4096; baseline 0.002 -19"><span class='ocrx_word' id='word_1_297' title='bbox 270 4021 339 4091; x_wconf 78' lang='lat' dir='ltr'><strong>riae,</strong></span> <span class='ocrx_word' id='word_1_298' title='bbox 358 4019 473 4096; x_wconf 88' lang='lat' dir='ltr'><strong>punitor</strong></span> <span class='ocrx_word' id='word_1_299' title='bbox 491 4017 596 4076; x_wconf 79' lang='lat' dir='ltr'><strong>doloris</strong></span> <span class='ocrx_word' id='word_1_300' title='bbox 615 4017 669 4076; x_wconf 85' lang='lat' dir='ltr'><strong>sui.</strong></span> <span class='ocrx_word' id='word_1_301' title='bbox 714 4016 817 4093; x_wconf 78' lang='lat' dir='ltr'><strong>Quid?</strong></span> <span class='ocrx_word' id='word_1_302' title='bbox 836 4019 861 4076; x_wconf 87' lang='lat' dir='ltr'><strong>ei</strong></span> <span class='ocrx_word' id='word_1_303' title='bbox 880 4017 960 4090; x_wconf 64' lang='lat' dir='ltr'><strong>haec,</strong></span> <span class='ocrx_word' id='word_1_304' title='bbox 979 4035 1037 4078; x_wconf 86' lang='lat' dir='ltr'><strong>noe</strong></span> <span class='ocrx_word' id='word_1_305' title='bbox 1055 4019 1119 4076; x_wconf 90' lang='lat' dir='ltr'><strong>dieo</strong></span> <span class='ocrx_word' id='word_1_306' title='bbox 1138 4017 1288 4093; x_wconf 64' lang='lat' dir='ltr'><strong>majorano</strong></span> 
     </span>
     <span class='ocr_line' id='line_1_37' title="bbox 271 4111 1251 4191; baseline -0.001 -18"><span class='ocrx_word' id='word_1_307' title='bbox 271 4114 385 4173; x_wconf 81' lang='lat' dir='ltr'><strong>luerunt</strong></span> <span class='ocrx_word' id='word_1_308' title='bbox 398 4116 427 4172; x_wconf 91' lang='lat' dir='ltr'><strong>in</strong></span> <span class='ocrx_word' id='word_1_309' title='bbox 444 4111 545 4174; x_wconf 84' lang='lat' dir='ltr'><strong>Clodio</strong></span> <span class='ocrx_word' id='word_1_310' title='bbox 558 4131 645 4191; x_wconf 84' lang='lat' dir='ltr'><strong>qnam</strong></span> <span class='ocrx_word' id='word_1_311' title='bbox 657 4113 688 4171; x_wconf 90' lang='lat' dir='ltr'><strong>in</strong></span> <span class='ocrx_word' id='word_1_312' title='bbox 701 4111 823 4184; x_wconf 81' lang='lat' dir='ltr'><strong>Milone,</strong></span> <span class='ocrx_word' id='word_1_313' title='bbox 837 4114 887 4172; x_wconf 84' lang='lat' dir='ltr'><strong>sed</strong></span> <span class='ocrx_word' id='word_1_314' title='bbox 899 4115 930 4172; x_wconf 89' lang='lat' dir='ltr'><strong>in</strong></span> <span class='ocrx_word' id='word_1_315' title='bbox 950 4114 1000 4172; x_wconf 89' lang='lat' dir='ltr'><strong>illo</strong></span> <span class='ocrx_word' id='word_1_316' title='bbox 1019 4114 1156 4184; x_wconf 75' lang='lat' dir='ltr'><strong>maxiem,</strong></span> <span class='ocrx_word' id='word_1_317' title='bbox 1169 4111 1251 4172; x_wconf 85' lang='lat' dir='ltr'><strong>nulle</strong></span> 
     </span>
    </p>
   </div>
   <div class='ocr_carea' id='block_1_5' title="bbox 271 4205 1249 4288">
    <p class='ocr_par' dir='ltr' id='par_1_5' title="bbox 271 4205 1249 4288">
     <span class='ocr_line' id='line_1_38' title="bbox 271 4205 1249 4288; baseline -0.001 -19"><span class='ocrx_word' id='word_1_318' title='bbox 271 4211 301 4269; x_wconf 86' lang='lat' dir='ltr'><strong>ln</strong></span> <span class='ocrx_word' id='word_1_319' title='bbox 320 4211 383 4285; x_wconf 82' lang='lat' dir='ltr'><strong>hoc,</strong></span> <span class='ocrx_word' id='word_1_320' title='bbox 401 4211 473 4288; x_wconf 85' lang='lat' dir='ltr'><strong>quid</strong></span> <span class='ocrx_word' id='word_1_321' title='bbox 491 4209 579 4270; x_wconf 79' lang='lat' dir='ltr'><strong>vultis</strong></span> <span class='ocrx_word' id='word_1_322' title='bbox 597 4205 745 4287; x_wconf 73' lang='lat' dir='ltr'><strong>emplius?</strong></span> <span class='ocrx_word' id='word_1_323' title='bbox 795 4207 875 4284; x_wconf 80' lang='lat' dir='ltr'><strong>Quid</strong></span> <span class='ocrx_word' id='word_1_324' title='bbox 894 4209 970 4268; x_wconf 86' lang='lat' dir='ltr'><strong>enim</strong></span> <span class='ocrx_word' id='word_1_325' title='bbox 990 4209 1096 4269; x_wconf 71' lang='lat' dir='ltr'><strong>odinset</strong></span> <span class='ocrx_word' id='word_1_326' title='bbox 1116 4207 1249 4270; x_wconf 79' lang='lat' dir='ltr'><strong>Cletllnm</strong></span> 
     </span>
    </p>
   </div>
   <div class='ocr_carea' id='block_1_6' title="bbox 0 0 1674 4984">
    <p class='ocr_par' dir='ltr' id='par_1_6' title="bbox 0 0 1674 4984">
     <span class='ocr_line' id='line_1_39' title="bbox 0 0 1674 4984; baseline 0 0"><span class='ocrx_word' id='word_1_327' title='bbox 0 0 1674 4984; x_wconf 95' lang='lat' dir='ltr'><strong> </strong></span> 
     </span>
    </p>
   </div>
  </div>
 </body>
</html>
