3317 4984
748 541 776 587 o.
797 541 920 587 osss1o.
1279 528 1337 587 uso
1396 612 1404 619 ἢ

306 714 375 765 tum
387 705 606 783 quibuscunque
626 710 745 782 potuero
757 703 845 761 rebus
855 704 983 772 omub03
1003 700 1085 777 cujus
1098 701 1141 761 rei
1153 707 1215 760 tum
1227 708 1299 761 tem·

305 819 368 878 pus
387 800 451 872 erit,
464 818 563 876 quum,
576 800 647 876 quid
666 798 728 876 opis
741 796 784 857 rei
797 797 930 875 publiose
942 799 1052 856 loturus
1066 797 1091 856 is
1103 797 1248 857 exereitus
1261 798 1299 857 sit

306 907 364 956 aut
374 897 443 974 quid
451 895 515 973 jum
525 896 629 969 tulerit,
639 904 737 954 uotum
749 911 811 953 esso
821 895 956 971 ooeperit.
995 893 1075 953 Num
1084 894 1178 952 udhuo
1186 901 1298 952 nubum
1320 880 1327 893 ⁸

306 1002 431 1052 oonstns
453 992 617 1064 audiuntur,
637 991 737 1068 optimi
755 990 797 1049 illi
811 990 927 1066 quidem
947 998 977 1049 et
999 990 1227 1067 praeclarissimi,
1246 990 1297 1049 sed

307 1100 395 1165 gestu
413 1108 460 1148 rus
480 1095 682 1165 exspectatun
701 1084 798 1163 ⁴quam
818 1087 934 1163 quidem
950 1096 1003 1145 uut
1017 1085 1081 1163 jum
1095 1104 1157 1145 esso
1169 1087 1296 1161 uliquum
1317 1100 1334 1147 t

308 1193 366 1244 aut
383 1186 613 1263 appropinquare
633 1183 751 1243 oonlido.
791 1182 819 1244 3.
840 1180 908 1242 tto
926 1183 1032 1241 virtuto
1050 1192 1081 1242 et
1099 1182 1297 1260 magnitudine

308 1282 401 1339 animi
421 1282 492 1339 nihil
512 1290 555 1341 est
574 1280 705 1340 nobilius.
745 1278 848 1355 Itaque
868 1287 1007 1355 optumus,
1020 1286 1053 1337 ut
1065 1298 1152 1355 quam
1171 1279 1295 1355 primum

307 1383 341 1437 te
362 1379 392 1437 in
411 1377 498 1437 Ituliu
510 1378 666 1439 videamus.
708 1374 784 1433 Rem
803 1374 948 1452 publioum
959 1392 1011 1434 nos
1024 1375 1131 1434 babere
1145 1375 1295 1434 arbitr-ubi·

305 1475 420 1547 mus-‚si
434 1494 484 1535 vos
498 1476 673 1533 habebimus.
715 1470 870 1531 Praeclare
879 1468 1060 1543 ‘vioemmus
1069 1472 1123 1529 nisi
1134 1471 1294 1548 spoliatum,

305 1570 459 1644 inermem,
479 1570 635 1649 fugientem
655 1570 783 1649 Lepidus
809 1570 964 1647 recepisset
983 1568 1151 1627 Antonium.
1191 1568 1293 1644 Ituque
1302 1580 1333 1629 1⁰

304 1685 457 1743 nunquam
470 1678 549 1727 tanto
558 1668 624 1728 odio
634 1668 742 1728 oivituti
755 1667 901 1727 Antonius
913 1665 976 1737 fuit,
986 1673 1092 1742 quanto
1102 1673 1146 1724 est
1156 1664 1293 1742 Lepidus.

303 1762 366 1821 Ille
390 1764 467 1822 onim
489 1782 528 1823 ex
550 1766 714 1824 turbulenta
737 1784 770 1825 re
792 1764 916 1842 publiea,
935 1763 982 1823 bio
995 1782 1035 1822 ex
1047 1781 1118 1840 pune
1131 1771 1161 1821 et
1173 1761 1294 1821 victorin

303 1857 418 1917 bellum
438 1858 582 1919 excitavit
623 1860 702 1920 Huic
722 1862 866 1939 oppositos
878 1857 1019 1920 ‘eonsules
1031 1860 1193 1937 designatos
1205 1859 1293 1917 hube-
1354 1880 1360 1896 ·

302 1972 392 2024 mus;
410 1954 441 2013 in
461 1956 563 2031 quibus
583 1965 626 2016 est
644 1976 750 2035 magns
763 1958 813 2018 illu
826 1959 943 2035 quidem
956 1976 1031 2035 spes,
1043 1958 1094 2017 sed
1105 1976 1210 2034 anceps
1223 1971 1292 2015 euru

301 2060 428 2128 proptor
445 2052 568 2111 iuoertos
581 2054 676 2113 exitus
695 2055 878 2133 proeliorum
917 2054 945 2113 4.
966 2053 1116 2113 Persuade
1129 2054 1181 2113 tibi
1194 2053 1291 2131 igitur,
1300 2065 1331 2113 lt

302 2140 349 2203 'in
369 2155 398 2205 te
418 2154 447 2205 et
466 2147 496 2205 in
516 2147 608 2207 Bmto
627 2158 676 2209 tuo
696 2158 761 2209 esse'
778 2150 892 2218 omniu
912 2168 964 2209 vos
977 2149 1148 2226 exspeoturi,
1167 2148 1292 2207 Brutum

302 2232 424 2319 quidem
432 2241 494 2319 jorn
504 2242 631 2321 jamque
673 2243 791 2320 Quodsi,
804 2254 837 2305 ut
849 2264 942 2323 spero,
955 2246 1037 2305 vietis
1050 2246 1178 2305 hostibus
1186 2244 1291 2304 nostris

302 2340 452 2411 veneritis,
465 2336 570 2401 “umen
584 2342 751 2402 auctoritate
765 2351 863 2402 vestro
875 2361 922 2402 res
934 2343 1050 2419 publius
1062 2350 1199 2419 exsurget
1211 2350 1241 2400 et
1258 2340 1290 2399 in

302 2438 404 2515 aliquo
416 2444 492 2496 statu
505 2437 645 2499 tolerabili
665 2438 806 2497 oonsistst
847 2436 922 2498 Sunt
934 2437 1012 2497 enim
1024 2438 1175 2515 permulto.
1186 2437 1290 2514 quibus

304 2536 363 2595 erit
375 2534 559 2607 medendum.
568 2534 655 2593 etism
667 2535 692 2595 si
706 2553 752 2594 res
765 2534 882 2612 publiou
892 2535 963 2596 sutis
975 2552 1040 2595 esse
1049 2534 1193 2595 videbitur
1202 2532 1289 2595 suolo-
1295 2542 1331 2594 tt

304 2632 387 2691 ribus
400 2630 665 2691 boutinmliberuts.
705 2630 790 2691 Vule.
1268 2669 1270 2673 ι
