3317 4984
385 520 445 581 888
834 537 949 583 suenio

429 696 494 775 (eos
512 696 588 756 enim
607 697 720 773 posim
739 698 971 776 oontempsenst),
990 699 1042 759 sed
1059 699 1135 759 hune
1149 700 1187 759 P.
1201 698 1334 771 Varium,
1346 698 1403 761 fon·

425 792 566 851 tissimum
589 802 676 868 atque
697 792 838 869 optimum
859 793 960 865 sivum,
982 792 1108 869 judioem
1133 804 1271 867 nosmsm,
1294 796 1403 873 pelless

425 888 645 965 possessionibus
664 888 752 947 ermis
771 889 929 965 uestrisque
948 900 1066 949 oonstus
1086 900 1144 949 est:
1165 892 1216 967 qui
1230 910 1298 951 oum
1310 893 1403 953 mubi-

425 983 506 1041 teotis
525 991 555 1041 et
573 983 752 1059 decempedis
771 983 856 1041 villus
875 983 1029 1043 multorum
1042 984 1192 1061 hortosque
1212 988 1401 1063 pungi-ubst:

405 1078 478 1154 tqui
490 1078 623 1137 laniculo
642 1088 673 1137 et
683 1078 808 1155 Alpibus
827 1096 909 1155 spem
928 1080 1137 1155 possessionum
1156 1082 1326 1141 terninmt
1338 1100 1402 1141 sus·

424 1192 505 1231 rum:
525 1173 584 1249 qui,
603 1190 691 1249 quum
709 1174 747 1231 ub
766 1173 863 1249 equits
883 1172 1014 1233 Romano
1036 1175 1182 1251 splendido
1204 1186 1235 1235 et
1257 1176 1335 1248 sorti,
1357 1176 1401 1235 M.

426 1267 560 1339 Paeonio,
573 1286 630 1327 non
642 1268 831 1345 impetrasset,
845 1276 876 1327 ut
896 1268 948 1333 sibi
969 1269 1092 1329 insulem
1105 1272 1135 1329 in
1148 1272 1211 1331 ineu
1227 1272 1320 1331 Prilio
1334 1290 1401 1331 von·

426 1362 513 1434 deret,
533 1373 650 1440 repente
669 1364 800 1421 lienibus
822 1364 854 1421 in
879 1382 943 1423 eum
966 1365 1088 1423 insulem
1110 1367 1263 1437 materiem,
1284 1367 1400 1439 onlnem,

426 1468 581 1528 enemente,
600 1455 703 1526 ”arms
720 1459 864 1533 oonvexit,
883 1460 1052 1535 dominoque
1075 1468 1154 1519 treus
1175 1461 1265 1536 ripum
1291 1462 1401 1537 inspee-

389 1564 420 1613 10
427 1563 504 1611 tante
518 1572 575 1612 non
588 1553 729 1613 dubitavit
746 1554 907 1613 sedunum
927 1564 1075 1613 exemere
1089 1555 1119 1613 in
1133 1551 1261 1613 ”uienoz
1282 1556 1331 1613 lb.
1351 1555 1400 1631 qui

426 1649 494 1708 huie
507 1649 543 1707 T.
556 1645 724 1721 ”Furfanio
736 1651 784 1709 oui
797 1650 878 1709 vuol
898 1650 937 1709 dii
949 1649 1138 1711 immortales!
1162 1652 1242 1728 (quid
1255 1652 1332 1711 enim
1346 1670 1401 1729 ego

425 1745 463 1805 ds
475 1744 643 1813 muliercule
657 1743 781 1816 Sesntis,
794 1746 864 1821 qnid
877 1746 913 1805 de
926 1746 1102 1807 edolesoente
1116 1746 1152 1805 P.
1165 1748 1273 1823 Apinio
1286 1744 1400 1807 dim?

426 1846 553 1917 quorum
562 1841 675 1917 utrique
687 1852 807 1900 mortem
820 1850 866 1901 est
878 1842 1030 1913 minitatum,
1044 1842 1099 1901 nisi
1111 1843 1166 1901 sibi
1178 1844 1324 1903 hortorum
1337 1861 1400 1919 pus·

426 1938 551 1995 sessione
570 1936 751 2014 oessissent):
771 1937 822 1997 sed
841 1955 927 1997 susus
948 1947 992 1997 est
1011 1937 1150 1997 Furfanio
1173 1938 1278 2009 diesne,
1298 1938 1324 1997 si
1345 1939 1400 1997 sibi

390 2044 420 2092 lo
428 2033 585 2109 pecuniam,
605 2042 741 2107 quonum
762 2040 938 2109 poposoerst,
958 2050 1016 2091 non
1034 2033 1165 2103 dedisset,
1185 2030 1350 2091 lamoi-tuum
1367 2050 1400 2091 so

427 2128 457 2185 in
470 2127 586 2185 domum
598 2126 661 2202 ejus
674 2126 829 2196 illaturum,
839 2145 897 2202 qus
908 2126 1015 2185 invidis
1028 2127 1094 2185 huie
1106 2139 1182 2187 esset
1196 2128 1247 2185 teli
1261 2129 1324 2187 vim
1335 2147 1401 2187 eon·

427 2222 622 2299 flsgrnndum:
636 2223 685 2299 qui
699 2222 830 2300 Appium
843 2220 968 2293 stenem,
981 2221 1122 2281 bominem
1136 2223 1205 2279 mihi
1218 2221 1401 2297 eonjunesnm

427 2317 563 2375 fidissime
581 2316 682 2393 gratio,
694 2317 840 2375 absentem
860 2316 897 2375 de
916 2316 1090 2392 possessione
1109 2316 1190 2375 fundi
1209 2316 1331 2391 dejecit:
1351 2318 1400 2392 qui

427 2414 563 2490 parietem
576 2413 617 2471 sio
629 2431 682 2489 psr
694 2412 867 2472 vestibulum
879 2412 982 2471 sororis
996 2412 1117 2471 instituit
1129 2412 1242 2485 ducere,
1255 2414 1297 2473 sio
1314 2430 1401 2489 egene

388 2508 620 2581 sofundsmeno,
643 2518 676 2566 nt
701 2527 827 2567 sororem
853 2527 910 2567 non
933 2508 1017 2569 modo
1037 2508 1176 2567 vestibulo
1197 2510 1330 2586 privaret,
1349 2508 1402 2569 sed

427 2606 503 2665 omni
522 2605 602 2663 editu
621 2614 652 2665 et
671 2604 795 2663 limine.”

467 2700 620 2759 xxvm,
660 2700 708 2759 76.
729 2698 909 2776 Quemquam
929 2700 1000 2761 heeo
1019 2701 1133 2777 quidem
1149 2701 1212 2776 jam
1232 2701 1402 2773 tolerabilis,

427 2797 605 2868 videbontm,
618 2798 672 2855 etsi
684 2797 873 2881 oequubiliter
891 2797 923 2855 in
942 2814 1002 2855 ism
1015 2798 1167 2873 publicem,
1180 2798 1210 2855 in
1224 2798 1360 2873 primos,
1371 2798 1401 2855 in

427 2893 603 2971 longinquos,
622 2895 653 2951 in
673 2894 853 2971 propinquos,
874 2893 903 2950 in
923 2892 1038 2963 alienos,
1051 2894 1081 2951 in
1101 2912 1166 2951 suos
1186 2894 1333 2961 irruebsts
1353 2893 1402 2953 sed

388 2990 524 3051 toneseio
537 2990 676 3065 quomodo
685 2989 748 3065 jum
762 3008 816 3047 uso
836 2988 1009 3047 obduruerat
1028 2998 1057 3047 et
1076 2989 1266 3065 persollusrut
1279 2990 1402 3049 civium

428 3085 601 3145 inomdibilis
620 3084 765 3161 potientis.
806 3082 889 3159 Ques
910 3102 978 3143 vero
997 3083 1117 3143 sdemnt
1132 3083 1194 3159 jum
1214 3094 1245 3143 et
1257 3085 1403 3161 impende·

428 3182 506 3251 bunt,
525 3200 647 3257 quonum
666 3181 750 3241 modo
768 3197 805 3239 es
823 3189 875 3239 sut
893 3180 1036 3257 depellens
1056 3182 1217 3257 potuissetis
1235 3190 1287 3241 aut
1305 3178 1403 3241 ferro?

429 3273 595 3353 ¹lmperium
608 3277 694 3335 illesi
708 3285 808 3335 neotus
820 3284 903 3347 esset,
916 3278 1016 3335 omitto
1028 3278 1126 3347 socios,
1140 3286 1254 3337 extens
1268 3278 1404 3347 undeno,

428 3368 712 3451 oegss¹tetrsrebss3
732 3368 1403 3448 vomeoimssoeredsutineossspotinsim·

389 3468 556 3529 tomitteret
574 3485 659 3542 quum
678 3465 709 3523 in
730 3474 840 3525 vestros
860 3466 1057 3541 possessiones,
1077 3476 1172 3525 vesun
1191 3478 1273 3537 tectu,
1294 3478 1402 3525 sesnes

429 3564 581 3640 pecuniam
600 3562 734 3637 pecunius
746 3558 834 3621 diuo?
853 3580 872 3619 e
885 3560 989 3631 liberis,
1002 3562 1112 3621 medius
1124 3562 1218 3633 fidius,
1232 3572 1262 3621 st
1274 3580 1294 3621 s
1307 3560 1403 3637 nonju-

430 3661 513 3737 gibus
532 3659 636 3717 vestris
655 3676 799 3734 nunquam
819 3657 870 3716 ille
890 3655 1042 3717 effrenatus
1061 3676 1127 3717 sues
1145 3658 1279 3719 libidines
1290 3659 1404 3719 eobibu·

430 3756 507 3815 isset
547 3754 633 3831 Fingi
653 3755 722 3813 beee
740 3754 855 3830 putetis,
868 3770 943 3829 quus
963 3761 1067 3829 potent,
1080 3772 1154 3830 quoe
1173 3764 1242 3815 nobs
1261 3764 1330 3815 sunt
1346 3774 1404 3813 om·

431 3849 523 3922 nibus,
548 3868 623 3927 qous
642 3845 806 3907 'tenenturi
839 3866 987 3907 servorum
1006 3848 1149 3907 amnium
1172 3850 1252 3907 illum
1277 3850 1309 3907 in
1335 3852 1404 3909 urbe

391 3947 656 4023 ssoomoriptnrum
675 3944 772 4014 fuisse,
792 3962 845 4019 pon
865 3962 936 4019 qnos
956 3952 1045 4003 totum
1064 3962 1125 4003 rem
1145 3946 1288 4019 poblicum
1303 3963 1404 4022 imque

431 4042 558 4119 pn'vsos
570 4041 696 4100 omnium
709 4036 888 4115 possideret?
928 4038 975 4097 77.
997 4038 1196 4114 Quamobrem,
1210 4040 1235 4097 si
1254 4053 1405 4101 omentum

431 4137 559 4213 Mum
571 4145 670 4195 tenens
683 4134 821 4193 demutet
834 4132 870 4191 T.
883 4133 1017 4193 Annius:
1037 4138 1053 4169 “
1062 4133 1178 4205 Adeste,
1191 4152 1309 4211 quaeso,
1321 4146 1403 4213 stoue
