3317 4984
667 584 700 627 m.
721 580 848 629 esrom.

420 808 471 869 M
491 809 527 869 Τ.
549 808 671 871 &csso
692 811 762 871 nn.
783 811 827 871 M.
849 810 975 872 Canem
995 811 1027 873 b
1047 813 1086 872 D.

247 934 278 989 1·
303 930 451 997 Summa
464 946 515 998 tna
527 940 679 997 auctoritas
689 938 758 997 fecii
771 958 923 1015 meumque
936 944 1119 1018 perpetuum·
1128 940 1164 999 de
1174 950 1225 1000 tea

201 1026 363 1105 singulari
379 1034 497 1093 virtute
507 1032 655 1109 judicium,
669 1038 702 1093 ul
713 1034 811 1111 magni
825 1054 891 1093 mea
901 1036 1038 1095 interesse
1052 1046 1184 1113 putarem
1196 1046 1225 1095 et

202 1140 255 1182 res
271 1142 340 1197 eas,
356 1146 443 1203 quas
463 1130 623 1208 gessissem,
636 1130 689 1189 tibi
709 1126 803 1189 1ιιοιιιε
815 1148 886 1203 esee,
900 1139 930 1189 et
946 1150 1004 1190 non
1017 1132 1142 1211 ignorari
1156 1150 1175 1189 a
1187 1143 1225 1204 te,

205 1238 272 1297 qua
294 1224 463 1299 aequitate
483 1236 513 1284 es
526 1226 698 1286 continentia
711 1236 808 1285 tuerer
821 1226 911 1285 socios
928 1228 1162 1303 provinciamque
1175 1226 1225 1286 ad·
1304 1250 1309 1257 ·

202 1317 440 1379 ministrarem.
481 1322 522 1381 Iis
535 1322 612 1381 enim
622 1343 640 1382 a
649 1332 679 1382 te
689 1322 808 1401 cognitis
819 1324 980 1382 arbitrabar
988 1322 1098 1382 facilius
1108 1343 1155 1382 me
1165 1324 1225 1397 nbi,
1248 1339 1265 1385 5

206 1432 292 1491 qnae
313 1416 449 1491 vellem,
476 1420 669 1496 probaturum.
711 1420 737 1478 2.
759 1418 856 1494 Quum
876 1421 907 1478 in
931 1422 1107 1496 provinciam
1133 1420 1225 1497 pridie

207 1511 285 1569 Kal
312 1512 413 1573 Sext
435 1517 578 1575 venissem
598 1522 628 1574 ct
647 1524 764 1593 propter
783 1516 852 1573 anni
872 1526 984 1591 tempus
1005 1516 1044 1573 ad
1065 1516 1225 1574 exereitum

208 1606 289 1665 mihi
315 1610 482 1669 confestim
503 1630 565 1671 csse
579 1612 705 1671 eundum
718 1610 857 1684 viderem,
869 1610 988 1669 biduum
1001 1610 1162 1670 laodiceae
1174 1610 1226 1683 fui,

212 1702 331 1763 deinde
346 1706 508 1783 Apameae
521 1708 713 1783 quatriduum,
726 1706 853 1765 nidunm
868 1704 1018 1785 Synnadis,
1031 1706 1150 1765 totidem
1163 1708 1225 1766 dies

215 1796 414 1860 Philomelii
440 1803 714 1879 Quibusinoppidis
723 1820 813 1879 quum
822 1802 921 1880 magni
931 1812 1087 1861 conventus
1096 1800 1224 1874 fluissent,
1233 1815 1265 1863 le

214 1896 334 1955 mullas
352 1899 489 1958 civitates
509 1899 698 1959 acerbissimis
712 1896 837 1957 'tributis
853 1908 883 1956 et
899 1898 1075 1975 gravissimis
1089 1899 1182 1957 usuris
1196 1908 1226 1957 et

217 1988 297 2051 ialso
320 2012 400 2053 aere
420 1996 515 2053 alieno
533 1996 662 2054 liberavi.
705 1994 860 2071 Quumque
879 2002 947 2052 ante
961 1995 1116 2052 adveutum
1128 2012 1225 2052 mcum

220 2088 378 2149 seditione
392 2092 517 2167 quadam
530 2092 673 2150 exercitus
686 2098 762 2150 esset
781 2090 942 2165 dissipatus,
955 2090 1083 2165 quinque
1096 2090 1226 2149 cobortes

222 2180 288 2243 sine
303 2184 420 2261 legato,
434 2188 495 2245 sine
514 2188 628 2245 tribuno
641 2186 772 2258 rnilitum,
785 2186 910 2261 denique
924 2187 1012 2243 ctiam
1027 2184 1088 2244 sine
1101 2188 1225 2245 centuri·

221 2296 282 2337 one
304 2281 374 2340 ullo
395 2283 472 2358 apud
492 2281 696 2340 Philomelium
717 2282 921 2353 consedissent,
939 2280 1067 2355 reliquas
1080 2282 1224 2340 exercitus
1233 2294 1265 2343 1⁶

225 2386 305 2435 esset
320 2379 358 2436 in
373 2378 528 2457 Lycaonia,
538 2380 583 2437 M,
595 2380 710 2438 Anneio
724 2380 819 2457 legate
833 2379 982 2459 imperavi,
994 2388 1027 2437 nt
1040 2397 1088 2437 eas
1100 2380 1225 2455 quinque

225 2472 370 2534 cohortes
390 2476 427 2533 ad
448 2476 590 2551 reliquum
612 2476 770 2535 exereitum
790 2474 908 2535 duceret
922 2485 1075 2551 coactoque
1092 2476 1122 2533 in
1136 2494 1226 2533 unum

224 2566 329 2628 lomim
347 2568 476 2629 exercitu
490 2582 584 2629 castra
597 2572 626 2628 in
642 2570 789 2649 Lycaonia
802 2570 879 2647 apud
899 2570 1029 2629 Iconium
1042 2570 1156 2629 faceret.
1196 2566 1224 2629 d.

230 2662 323 2739 Quod
347 2686 435 2743 quum
456 2669 493 2726 eb
506 2668 556 2725 illo
568 2668 722 2744 diligenter
735 2674 810 2726 esset
823 2676 928 2739 actum,
941 2686 995 2745 ego
1007 2666 1038 2723 in
1051 2676 1145 2725 casua
1158 2684 1184 2725 a
1197 2663 1225 2725 d·

229 2754 307 2818 vn.
324 2760 396 2819 Kal.
412 2761 572 2839 Septembr.
587 2764 662 2835 veni,
676 2782 766 2838 quum
787 2762 899 2820 interea
919 2758 1110 2837 superioribus
1124 2760 1266 2823 debuero

233 2873 271 2913 ex
287 2866 410 2915 senmns
423 2858 551 2917 consulto
563 2866 592 2916 et
613 2868 795 2916 evocatorum
818 2858 930 2914 firmam
944 2874 1060 2913 manum
1074 2865 1103 2914 et
1117 2856 1227 2931 equita-

232 2960 296 3010 tum
307 2972 380 3012 sene
391 2954 524 3011 idoneum
534 2962 562 3011 et
573 2954 740 3031 populorum
752 2952 907 3011 liberorum
918 2970 1077 3029 regumque
1087 2952 1226 3011 sociorum

220 3049 350 3107 ‚auxilia
364 3048 525 3107 voluntaria
544 3050 793 3126 comparavissens
836 3048 957 3106 Interim
978 3067 1076 3123 quam,
1096 3048 1225 3107 exercitu

234 3142 368 3217 lustrato,
381 3146 435 3203 iter
448 3146 478 3202 in
493 3141 624 3204 ciliciam
638 3144 733 3205 iacere
749 3146 913 3223 coepissem,
930 3144 997 3203 Kal.
1014 3144 1173 3223 septembr.
1187 3144 1227 3204 le·

237 3240 297 3317 gali
319 3259 338 3299 a
357 3258 426 3317 rege
447 3238 641 3317 &mmageno
654 3240 692 3299 ad
712 3260 758 3300 me
776 3242 855 3299 missi
874 3238 1119 3319 ⁸pertumultuose,
1132 3254 1266 3317 nequeas

237 3344 336 3393 tamen
357 3354 414 3394 non
435 3354 512 3407 vere,
533 3336 659 3395 Parthos
678 3338 708 3395 in
730 3336 846 3417 Syriam
866 3340 1002 3397 mansisse
1015 3340 1226 3398 nnntmverunt.

239 3432 266 3489 4.
288 3431 356 3506 Quo
375 3432 481 3503 audito,
498 3433 686 3492 vehementer
704 3454 768 3493 sirm
789 3446 946 3494 commotus
966 3454 1054 3512 quum
1075 3436 1112 3494 de
1133 3434 1227 3513 Syria,

238 3534 301 3587 lum
314 3529 351 3587 de
364 3548 429 3587 mea
443 3528 597 3605 provincia,
606 3532 760 3610 dereliqua
770 3536 895 3611 denique
907 3534 987 3593 Asia
1027 3534 1131 3611 Itaque
1145 3553 1228 3593 exer·

240 3624 327 3683 citum
348 3624 418 3682 mihi
437 3626 598 3685 ducendum
619 3648 673 3706 per
687 3628 886 3708 Cappadociae
907 3634 1052 3709 regionem
1067 3652 1139 3704 eam,
1153 3651 1228 3708 quae

182 3804 184 3809 Ι
242 3717 372 3779 Ciliciam
387 3723 547 3800 attingeret,
569 3726 677 3801 putavi.
718 3726 796 3786 Nem
811 3729 939 3787 simeln
955 3727 1086 3788 Ciliciam
1100 3728 1269 3788 demisisse

241 3834 309 3889 sem,
325 3816 457 3911 Ciliciam
477 3824 593 3899 quidem
613 3826 705 3901 ipsam
724 3834 841 3902 propter
854 3827 958 3885 montis
972 3828 1080 3885 Amani
1094 3838 1227 3885 naturam

239 3911 324 3973 facilc
338 3918 514 3987 tenuissem
537 3920 608 3997 (duo
621 3930 688 3979 sunt
700 3922 777 3981 enim
791 3920 885 3981 aditus
894 3922 925 3980 in
941 3921 1070 3982 Ciliciam
1081 3942 1120 3981 ex
1135 3922 1229 4000 Syria,

245 4120 365 4255 cgmpr.
382 4124 441 4174 XX.
457 4124 541 4176 ‘Dise
551 4124 731 4187 mumadam,
740 4134 869 4193 pameas,
878 4127 1031 4192 mimus,
1041 4128 1090 4177 and
1105 4136 1215 4177 amus.
1233 4125 1267 4176 V.

306 4242 313 4253 .
356 4209 396 4267 48,
408 4220 432 4255 n.
442 4210 465 4255 6.
