3317 4984
471 529 533 574 eso
553 529 584 572 r.
602 527 704 573 sumo
724 527 859 584 mors,
880 527 950 573 css.
970 527 1038 572 xri.
1208 512 1265 575 827

247 714 312 756 meo
331 692 425 772 legem
444 690 539 762 senet,
558 690 648 767 pulso,
666 690 863 750 crudelissima
881 690 912 748 iu
936 687 998 748 loro
1017 689 1104 750 cscds
1128 687 1226 750 iscml

247 792 384 872 potuitne,
397 787 434 847 L.
447 787 572 860 Cscctlii,
580 786 732 864 justissimi
745 787 946 863 fortissimique
960 787 1106 864 praetoris,
1119 805 1227 866 oppug-

246 900 316 950 nsts
328 885 430 948 domo?
445 885 574 962 potuitne
587 883 636 942 illo
648 883 705 956 (lie,
713 903 803 960 quum
814 893 859 942 est
871 883 930 942 lstu
943 883 992 942 lex
1005 884 1042 944 ds
1055 883 1119 944 mc?
1138 905 1228 962 quum

247 988 333 1046 totius
342 985 445 1044 ltaliae
459 999 620 1052 concursus,
630 998 716 1056 quem
730 999 795 1040 mes
807 981 885 1040 sulus
895 983 1059 1054 concitarat,
1069 983 1136 1044 facti
1149 984 1226 1044 illius

246 1082 366 1162 gloriam
385 1081 477 1139 libens
496 1076 667 1154 agnovisset,
680 1085 722 1148 ut,
736 1076 848 1134 etiamsi
861 1077 891 1134 id
904 1077 978 1136 Milo
992 1077 1112 1151 fecisset,
1125 1091 1228 1142 cuncta
1248 1095 1265 1144 t

246 1180 347 1240 civitas
359 1197 423 1238 eum
436 1178 549 1236 laudem
562 1193 616 1252 pro
628 1192 682 1232 sus
695 1173 876 1232 vindicaret?

285 1275 357 1334 XV.
396 1275 444 1332 39.
463 1269 826 1350 ¹Atqncdersttcmpnsi
859 1267 1054 1332 'Clarissimus
1067 1271 1227 1334 etfcrtissi·

245 1390 310 1430 mus
322 1372 429 1442 consul,
442 1371 573 1430 inimicus
588 1367 697 1442 clodio,
709 1364 757 1427 ⁸1².
772 1367 919 1441 Lentulus,
933 1369 1008 1428 ultor
1027 1369 1142 1430 socieris
1161 1369 1228 1430 ⁴illi·

246 1487 288 1540 us,
301 1479 494 1546 propugnator
507 1475 629 1540 senatus,
642 1467 776 1526 defensor
788 1479 903 1526 vestroe
917 1467 1077 1538 voluntatis,
1093 1477 1227 1544 petronus

245 1564 353 1640 publici
372 1582 534 1636 consensus,
546 1566 693 1624 restitutor
713 1564 813 1623 salutis
833 1579 930 1624 mess:
950 1575 1060 1642 septem
1074 1575 1226 1642 praetores,
1236 1575 1267 1626 ιο

245 1671 309 1718 octo
322 1659 428 1718 cibuni
441 1659 541 1736 plebis,
548 1660 625 1718 illius
637 1661 803 1732 sdverwii,
811 1659 975 1720 defensores
985 1662 1054 1720 mei:
1075 1659 1128 1722 Cn.
1140 1661 1226 1720 Pom·

245 1757 328 1834 peius
346 1767 445 1816 snctcr
464 1765 495 1816 et
512 1757 574 1816 dux
592 1758 650 1816 mei
669 1759 787 1830 reditus,
800 1757 877 1818 illius
898 1759 993 1830 hostis,
1013 1756 1094 1834 cujus
1113 1767 1227 1816 senten·

245 1852 316 1910 tium
328 1864 443 1912 senatus
456 1854 548 1912 omnis
560 1853 599 1912 de
618 1854 711 1914 seluto
729 1873 796 1914 mes
814 1855 1014 1932 gravissimam
1034 1863 1065 1913 et
1083 1853 1226 1914 omctissi·

245 1967 323 2006 mum
342 1959 456 2007 secutus
475 1959 536 2018 est;
563 1951 614 2026 qui
633 1951 772 2027 populum
792 1951 955 2012 Romanum
978 1959 1023 2010 est
1045 1951 1226 2018 cohorutm

215 2081 223 2096 .
245 2045 305 2121 qui,
315 2063 406 2120 quum
420 2044 566 2104 decretum
579 2046 616 2106 de
628 2065 676 2106 me
691 2043 810 2124 Cspuse
823 2047 899 2118 scuit,
912 2047 973 2123 ipse
987 2055 1108 2106 cunctim
1121 2046 1225 2106 Ilulise
1235 2060 1265 2108 is

246 2141 373 2216 cupienti
386 2151 415 2198 et
429 2139 491 2215 ejus
504 2141 591 2198 fidem
610 2141 776 2218 imploranti
796 2143 909 2220 signnm
929 2141 1015 2214 dedit,
1028 2151 1062 2200 nt
1072 2141 1108 2200 sd
1121 2159 1169 2200 me
1181 2160 1227 2212 re-

245 2235 421 2294 stituendum
448 2233 571 2294 Rcmsm
596 2247 815 2298 concumrcnt:
845 2239 941 2298 omnis
967 2247 1028 2296 tum
1052 2237 1174 2314 denique
1195 2238 1227 2296 in

245 2329 326 2387 illum
344 2330 412 2388 odis
430 2330 537 2388 civium
555 2331 695 2392 urdebmt
712 2331 866 2392 ‘desiderio
886 2333 960 2402 mei;
988 2353 1075 2410 quem
1094 2333 1145 2410 qui
1164 2343 1226 2392 tum

245 2425 442 2496 interemisset,
455 2445 512 2484 non
531 2426 568 2486 dc
588 2427 757 2504 impunitate
776 2427 848 2504 ejus,
862 2429 913 2488 sed
925 2429 962 2488 de
976 2430 1109 2508 praemiis
1122 2430 1226 2506 cogitu-

245 2529 333 2578 retur.
374 2521 422 2578 40.
442 2521 554 2582 Tamen
566 2541 599 2582 se
611 2523 686 2584 Milo
699 2525 839 2584 continuit
857 2535 887 2584 et
901 2523 938 2582 P.
953 2523 1083 2584 Clodium
1105 2525 1134 2582 in
1150 2525 1266 2601 judi-sc

245 2617 322 2676 cium
335 2617 387 2690 bis,
399 2617 437 2676 sd
450 2619 511 2676 vim
529 2638 678 2696 nunqusm
695 2622 818 2680 voosvit
861 2618 961 2695 Quid?
979 2617 1102 2698 ‘privato
1115 2621 1225 2680 Milone

245 2723 276 2772 et
294 2733 345 2773 reo
364 2715 401 2772 sd
420 2715 566 2791 populum,
577 2727 731 2778 sccussnte
745 2717 782 2776 P.
797 2715 905 2788 clodio,
919 2737 1007 2794 quum
1026 2716 1056 2776 in
1071 2716 1125 2778 On.
1140 2717 1226 2776 Pom·

245 2809 343 2886 peium
356 2829 408 2886 pro
422 2810 533 2870 Milone
545 2813 688 2872 dicentem
700 2814 824 2890 impetus
837 2813 928 2874 factm
941 2824 994 2886 est,
1007 2833 1081 2889 quse
1094 2823 1155 2872 tum
1168 2833 1225 2872 non

245 2905 329 2964 modo
342 2907 460 2977 occasio,
473 2908 525 2966 sed
537 2910 625 2968 etism
638 2927 726 2968 osuss
738 2909 815 2968 illius
827 2911 1005 2986 opprimendi
1018 2907 1090 2968 fuiti
1123 2909 1226 2988 Nuper

245 3020 315 3060 vcro
327 3021 417 3079 quum
429 3003 473 3060 M.
486 2999 640 3064 'Antonius
652 3024 794 3066 summum
813 3025 894 3083 spem
913 3007 1012 3066 salutis
1032 3007 1113 3066 bonis
1133 3005 1265 3068 omni-ts

245 3099 299 3156 bus
326 3099 473 3171 attulisset,
499 3101 755 3179 gravissimamque
779 3102 946 3162 adolescens
965 3101 1156 3162 nobilissimis
1182 3104 1224 3162 rei

245 3193 376 3270 publicus
393 3205 504 3270 partem
524 3195 676 3258 fortissime
693 3200 873 3276 suscepisset,
890 3207 977 3276 stqus
994 3198 1073 3258 illsm
1090 3199 1225 3271 beluam,

241 3289 342 3366 judicii
361 3291 478 3366 laqueos
497 3292 698 3367 declinantem,
705 3294 770 3372 jsm
788 3295 928 3354 irretitam
942 3305 1060 3366 teneret,
1073 3296 1124 3372 qui
1137 3296 1225 3368 locus,

245 3386 322 3462 quod
342 3396 455 3464 tempus
474 3389 554 3462 illud,
566 3391 606 3448 dii
625 3391 809 3463 immortales,
827 3389 902 3450 fuit?
943 3389 1041 3466 Quum
1060 3409 1093 3450 ss
1112 3391 1160 3450 ille
1179 3391 1225 3452 iu·

245 3482 327 3558 gisus
345 3482 376 3540 in
395 3479 547 3542 8seclorum
565 3487 691 3546 tenebris
710 3487 872 3558 abdidisset
891 3505 1027 3562 magnum
1046 3485 1151 3546 Miloni
1169 3485 1265 3548 fuisso

245 3579 385 3636 conficere
395 3579 474 3637 illum
484 3591 594 3656 pestem
607 3582 687 3640 nulls
698 3599 751 3642 sus
764 3581 880 3654 invidis,
888 3581 1008 3640 Antonii
1018 3601 1088 3642 vero
1097 3581 1225 3642 maxims

244 3672 344 3749 gloria.
385 3675 432 3732 41.
454 3673 555 3750 Quid?
574 3677 696 3738 comitiis
715 3678 745 3736 in
764 3697 866 3754 cumpo
884 3677 996 3754 quoties
1017 3687 1141 3753 potsstss
1160 3675 1224 3750 tuit,

245 3785 336 3843 quum
348 3769 397 3827 ille
409 3771 440 3826 in
451 3765 563 3848 ’scepta
574 3773 687 3845 ruisset,
698 3773 808 3851 glsdics
819 3772 1042 3850 destringendos
1054 3773 1163 3849 lapides
1179 3771 1224 3848 js-

245 3864 360 3922 dendus
379 3867 544 3939 curavisset,
554 3867 623 3928 dein
641 3870 744 3940 subito,
757 3869 839 3928 vultu
852 3869 971 3928 Milonis
990 3867 1167 3945 perterritus,
1180 3867 1224 3926 fn·
1305 3867 1313 3898 l

244 3969 326 4035 geret
337 3960 375 4018 cd
384 3959 523 4034 Tiberim,
532 3981 583 4022 scs
595 3971 627 4024 et
637 3983 737 4024 omnes
748 3965 816 4025 boni
828 3975 898 4024 vots
910 3965 1048 4036 laceretis,
1056 3960 1109 4022 ¹⁰ut
1118 3963 1221 4024 Miloni
1229 3977 1263 4026 st

245 4055 287 4112 uti
300 4056 407 4114 virtute
419 4076 473 4116 sus
485 4057 607 4118 liberet?

285 4149 372 4210 XVI.
401 4150 495 4228 Quom
508 4153 597 4234 igitur
608 4174 674 4217 cum
684 4157 815 4217 bmnium
825 4157 920 4236 gistis
932 4156 1031 4230 noluit,
1043 4155 1120 4218 hunc
1133 4155 1224 4216 voluit
