3317 4984
475 549 539 593 no
559 549 588 592 n
607 547 709 594 nmo
728 548 864 607 morer,
883 549 955 594 cnr.
975 549 1106 594 mm.
1236 534 1294 594 847

274 709 400 786 deniqne
418 709 481 786 ipso
499 710 593 782 diesi
611 726 671 787 qno
688 710 733 770 vir
752 719 796 770 ent
814 707 1245 788 pennbiqundinicotiocn

274 807 345 883 pitis
363 805 469 878 fictum,
486 807 616 883 deposco.
665 805 744 882 Quid
759 806 820 884 jem
840 805 951 866 restet?
971 807 1040 883 quid
1059 807 1160 880 hxbeo,
1179 807 1256 884 quod

274 901 382 962 taciem
400 922 453 978 pro
472 903 528 962 tu'o
547 903 579 962 in
596 919 644 962 me
663 901 849 976 meridnn'nl
870 899 1257 980 mensoremque

273 1016 391 1076 mue
402 999 459 1058 erit
470 1009 529 1069 tur,
539 999 644 1058 decu
655 997 768 1059 mortni
800 999 870 1059 Non
883 1001 986 1072 abono,
999 1019 1057 1058 nnn
1070 1017 1178 1072 recuso,
1192 1019 1256 1058 vos·

274 1094 759 1172 qneobsmjndioffintvestrn
772 1097 1295 1174 nensunnquasrnmeoennls-rr

276 1177 1108 1269 nnanunjoeruemgnnmnsjoumxiso
1120 1209 1256 1252 mm

276 1305 340 1348 esse
354 1287 483 1346 vidonis

317 1382 487 1442 XXXVII.
522 1384 589 1442 101.
603 1383 659 1442 His
671 1384 797 1444 horione
808 1403 866 1444 non
880 1379 1012 1444 mov'etnr
1023 1384 1112 1442 Milo:
1130 1393 1175 1443 est
1187 1399 1256 1460 quo

276 1479 345 1538 dnm
364 1477 521 1538 incredibili
540 1479 641 1538 robore
659 1479 766 1538 enimin
792 1480 927 1538 exsilium
946 1480 987 1538 ibi
1009 1497 1071 1538 esse
1095 1487 1185 1556 putet,
1207 1479 1256 1538 ubi

277 1574 379 1632 virtoti
397 1589 455 1632 non
474 1572 623 1642 sitlocusr
642 1583 764 1634 mortem
782 1585 901 1634 nnturee
920 1575 1006 1634 finem
1027 1591 1168 1646 essendo
1190 1585 1296 1651 poe-to

276 1685 354 1730 naur-
394 1667 455 1728 Sed
473 1669 520 1730 hic
540 1687 576 1729 en
594 1679 770 1746 mente,qun
788 1679 872 1730 untur
891 1679 953 1730 est:
973 1671 1043 1748 quid
1057 1669 1257 1746 vos‚judices?

277 1783 336 1842 qno
355 1765 470 1824 nudem
489 1765 586 1824 uniuno
607 1763 707 1824 erin's?
756 1763 929 1826 Memoriam
948 1766 1068 1824 Milonis
1091 1767 1257 1838 retinebitis,

276 1859 526 1938 ipsnmejicietis?
545 1861 860 1939 eteritdigniorlocus
873 1862 991 1922 clusin
1006 1859 1170 1938 tenis‚¹qul
1183 1863 1258 1922 herro

278 1958 413 2018 virtutem
433 1957 570 2032 excipiet,
581 1975 668 2032 quern
687 1958 744 2028 bio,
755 1954 818 2033 'qni
837 1957 1020 2034 procrescit?
1061 1957 1132 2030 vos,
1144 1976 1195 2018 vos
1208 1977 1258 2034 sp

278 2053 364 2130 pello,
375 2051 522 2112 toeunimi
541 2051 607 2123 virt,
619 2053 671 2128 qut
689 2053 813 2112 multum
832 2071 886 2132 pro
904 2067 937 2112 re
957 2053 1073 2130 publicu
1090 2055 1297 2131 mugninernto

154 2212 158 2219 ,
277 2147 1258 2226 effudisfiszvmmirietincivisinvictipcriculoflpwlhrecn·

278 2246 413 2316 tmiooes,
427 2261 544 2321 rosque,
556 2245 680 2304 militen:
699 2245 781 2304 vobis
794 2264 850 2304 non
864 2245 949 2304 modo
962 2246 1194 2322 inspectantibus,
1207 2245 1259 2304 sed

278 2341 366 2402 etium
378 2341 496 2400 orme&
507 2350 539 2400 et
550 2341 617 2400 bnie
624 2340 735 2417 iconio
743 2340 979 2418 praesidentibus,
990 2343 1061 2402 hoec
1075 2349 1154 2402 tante
1167 2341 1258 2402 cirus

278 2454 319 2498 ex
337 2437 392 2494 hnc
410 2437 482 2494 urbe
500 2435 670 2514 expelletur,
688 2437 936 2510 exterminabitur,
954 2435 1141 2516 projicietur?
1193 2437 1259 2496 102

279 2530 367 2594 Ome
380 2531 786 2606 minemorneintolioeurl
819 2533 967 2596 Rerocsre
980 2543 1011 2594 tu
1025 2535 1115 2594 mein
1129 2533 1298 2610 petrinum

278 2627 363 2702 Milo,
376 2630 493 2708 potuisti
506 2648 559 2708 per
571 2630 633 2703 bos,
645 2649 701 2708 ego
719 2640 749 2692 te
768 2630 799 2690 in
818 2631 913 2708 petrin
932 2648 984 2706 per
1006 2631 1121 2690 eosdem
1134 2631 1259 2690 munero

278 2745 337 2785 non
350 2724 474 2803 potero?
513 2725 591 2802 Quid
604 2726 781 2804 respondebo
800 2725 898 2786 liberis
911 2728 992 2800 meis,
1004 2727 1055 2803 qui
1068 2735 1098 2786 te
1111 2735 1259 2803 parentem

278 2823 402 2882 nlternm
428 2822 550 2900 potent?
576 2823 646 2900 quid
671 2824 733 2895 tibi,
753 2821 862 2898 Quinte
885 2821 982 2894 tnui,
1005 2823 1055 2899 qui
1083 2841 1160 2882 nunc
1181 2824 1260 2894 nbes,

279 2921 403 2980 consorti
422 2939 536 2979 meeum
554 2929 714 2998 temporum
733 2917 871 2979 illorum?
889 2937 973 2979 mene
986 2937 1045 2979 non
1064 2921 1188 2996 potuisse
1201 2919 1260 2978 Mi·

279 3012 355 3077 lonis
371 3015 493 3075 sulutem
512 3016 587 3076 tueri
607 3033 661 3095 per
679 3015 803 3087 eosdem,
822 3033 877 3094 per
895 3033 966 3092 quos
986 3023 1110 3074 nostrum
1131 3015 1180 3073 ille
1200 3027 1299 3075 ser-25

280 3108 397 3170 resset?
445 3111 489 3170 At
510 3110 541 3168 in
562 3128 622 3188 qun
643 3129 732 3170 moen
754 3127 812 3169 non
836 3107 984 3188 potuisse?
1013 3127 1086 3186 quoe
1109 3117 1154 3168 est
1177 3117 1260 3186 grets

279 3207 420 3284 gentibus.
459 3206 490 3264 Α
509 3207 613 3284 quibus
632 3225 690 3266 non
710 3203 859 3285 potrrirse?
886 3207 924 3266 nb
943 3207 978 3265 ils
999 3205 1049 3282 qui
1073 3206 1199 3264 maximo
1224 3205 1260 3264 P.

281 3299 376 3362 clodii
389 3311 479 3360 morte
491 3303 667 3379 nequierunt.
707 3301 774 3378 Quo
785 3299 976 3380 deprecante?
989 3320 1042 3360 me.
1078 3301 1143 3359 103.
1163 3299 1261 3376 Quod·

280 3416 346 3456 nem
360 3416 415 3474 ego
427 3398 543 3474 concepi
556 3406 667 3456 tontum
681 3397 783 3468 scelus,
795 3407 847 3456 out
860 3397 936 3476 quod
957 3395 987 3454 in
1007 3415 1054 3454 me
1068 3405 1179 3454 tentum
1192 3396 1260 3454 ssci-

280 3512 334 3554 nus
353 3491 590 3570 ndmisijndicee,
602 3511 693 3570 quum
710 3493 761 3552 ille
779 3493 885 3553 indicio
903 3495 1061 3552 eommunis
1080 3492 1162 3552 exitii
1182 3493 1301 3554 inda-no

279 3591 357 3667 geri,
378 3589 509 3668 pnteseoi
531 3590 646 3666 protuli,
668 3587 818 3648 exstinxi?
868 3587 977 3649 Omnes
1001 3590 1030 3648 in
1054 3607 1100 3647 me
1125 3607 1260 3664 meosque

280 3686 441 3746 mdundent
453 3705 493 3744 ex
504 3685 583 3744 fonto
596 3685 647 3744 illo
658 3685 778 3744 dolores.
819 3683 898 3760 Quid
912 3703 958 3744 me
978 3685 1111 3744 reducem
1132 3701 1195 3742 esse
1213 3703 1262 3741 vo-

280 3780 396 3840 luistis?
424 3799 463 3840 nn
485 3791 526 3852 nt,
548 3781 726 3857 inspectante
749 3798 805 3852 rne,
826 3779 1041 3858 expellerentur
1062 3781 1091 3851 ii,
1115 3797 1167 3856 per
1189 3797 1262 3854 quos

281 3895 374 3936 essem
386 3875 555 3936 restitutus?
593 3875 701 3946 Nolite,
714 3875 832 3934 obsecro
847 3893 906 3946 vos,
920 3877 1097 3934 acerbiorem
1116 3875 1186 3931 mihi
1201 3874 1260 3949 pnti

280 3973 403 4031 rodimur
416 3989 587 4048 essequam
601 3969 688 4029 tuerit
700 3971 751 4029 ille
763 3971 826 4048 ipse
840 3971 989 4030 discessus.
1030 3970 1108 4028 Num
1128 3969 1177 4046 qui
1198 3979 1301 4045 pos—tn

280 4086 344 4124 sum
365 4077 466 4143 putere
485 4087 534 4128 me
552 4065 716 4126 restitutum
729 4083 800 4138 esse,
813 4067 839 4125 si
859 4065 1002 4126 distrahar
1019 4067 1055 4124 nb
1069 4065 1113 4138 iis,
1127 4084 1179 4143 per
1191 4083 1262 4142 quos

280 4163 428 4222 restituttn
447 4182 511 4222 sum
610 4235 614 4240 ι

1057 4269 1106 4322 33
