3317 4984
382 506 440 565 810
708 520 886 567 arrarum
906 520 1088 566 oronaorra.

430 744 473 804 Μ.
494 744 639 805 Tunrrns
660 744 704 803 M.
726 744 762 803 Ρ.
785 743 909 805 Crcrao
931 746 1074 806 Paucos.
1097 744 1128 807 S.
1149 744 1186 804 P.
1209 744 1249 804 D.
1272 742 1366 805 Coae

631 840 771 899 Patnrr.
792 838 905 898 Taren.
927 840 984 899 Pn.
1006 840 1159 901 Snuarun

463 972 489 1027 1.
508 966 551 1031 ¹S.
566 970 603 1029 V.
618 968 656 1029 V.
671 969 707 1027 B.
722 970 758 1027 Ε.
773 969 809 1028 Ε.
825 968 863 1045 Q.
877 968 917 1029 V.
958 968 1055 1044 Quum
1068 970 1412 1048 pridieKalendSext
1521 1015 1522 1038 r

420 1065 450 1123 in
463 1062 651 1141 'provinniam
665 1066 807 1125 venissem
821 1082 915 1140 neque
933 1065 1074 1123 maturina
1093 1076 1216 1143 propter
1233 1068 1374 1126 itinerum
1385 1078 1413 1127 et

419 1161 636 1239 navigationum
656 1160 851 1219 difficultatem
863 1161 964 1220 venire
980 1162 1144 1237 potuiaaem,
1156 1164 1292 1222 maxime
1311 1182 1413 1223 nonve·

419 1256 483 1315 nire
497 1256 587 1315 officio
600 1275 666 1315 meo
686 1256 785 1332 reique
806 1255 939 1333 publieae
950 1257 1110 1317 oondueere
1123 1258 1235 1334 putavi,
1248 1278 1358 1335 parare
1371 1278 1413 1331 ea,

393 1366 494 1429 oquae
514 1352 552 1413 ad
572 1353 731 1411 exereitum
751 1370 883 1429 quaeque
901 1352 940 1411 ad
965 1370 1028 1413 rem
1047 1338 1202 1413 militarem
1223 1356 1412 1431 pertinerent

421 1448 504 1525 Quae
517 1468 608 1525 quum
621 1458 716 1509 essent
728 1468 747 1507 a
760 1468 807 1507 me
821 1466 891 1509 eura
902 1450 995 1525 magia
1007 1461 1038 1507 et
1049 1450 1200 1527 diligentia
1211 1470 1306 1527 quam
1324 1450 1415 1509 facul-

419 1558 478 1607 tate
489 1556 519 1605 et
532 1548 614 1623 eopia
626 1547 787 1619 consutum,
800 1546 952 1623 nuntiique
961 1556 991 1605 et
1002 1547 1116 1606 litterae
1126 1548 1252 1607 debello
1261 1567 1284 1607 a
1295 1548 1412 1607 Parthie

419 1642 450 1701 in
471 1642 648 1719 provinciam
672 1640 788 1719 Syriam
812 1642 893 1701 illato
915 1642 1044 1718 quotidie
1066 1642 1127 1703 iere
1150 1642 1340 1716 effen-entur,
1359 1646 1412 1703 iter

419 1738 489 1797 mihi
502 1737 664 1797 faciendum
683 1755 736 1813 per
756 1736 934 1815 Lyeaoniam
946 1745 977 1796 et
989 1754 1043 1814 par
1054 1737 1172 1797 Iaaurue
1184 1749 1215 1797 et
1229 1758 1285 1815 per
1300 1738 1412 1817 Cappa-

382 1834 530 1895 rodociani
550 1834 704 1893 arbitratus
718 1852 790 1891 auur.
831 1832 906 1893 Erat
917 1834 996 1893 enim
1007 1852 1113 1911 magna
1125 1836 1261 1911 auspiciu,
1278 1834 1411 1907 Parthoa

420 1930 445 1989 si
458 1948 496 1989 ex
511 1928 599 2007 Syria
611 1930 710 2007 egredi
729 1938 817 2005 atque
831 1929 993 2005 irrumpere
1004 1930 1037 1987 in
1053 1949 1150 1989 meam
1168 1932 1353 2007 provinciam
1366 1952 1411 1991 oo·

419 2036 564 2097 narentur,
573 2026 629 2084 iter
637 2022 697 2085 ‘ene
709 2044 762 2101 per
777 2023 998 2103 Cappadociam,
1007 2026 1085 2100 quod
1097 2045 1134 2085 ea
1145 2027 1278 2085 maxime
1291 2037 1410 2103 pateret,

420 2140 483 2183 etse
496 2122 627 2181 facturos.
669 2122 697 2179 2.
716 2120 820 2197 Itaque
840 2140 907 2180 eum
920 2122 1050 2181 exereitu
1065 2140 1117 2199 per
1127 2120 1335 2199 Cappadociae
1347 2142 1410 2200 par-

420 2228 478 2277 tem
491 2236 565 2287 eam,
578 2236 652 2293 quae
666 2235 731 2277 oum
747 2215 848 2276 Ciliuia
867 2217 1015 2277 coutimur
1034 2227 1086 2289 eat,
1106 2218 1162 2276 iter
1177 2218 1245 2290 feei,
1258 2228 1409 2295 mutuaque

382 2313 458 2375 laad
478 2311 619 2391 Cybistra,
633 2313 709 2389 quod
728 2312 866 2389 oppidum
885 2322 929 2373 eat
948 2313 987 2371 ad
1002 2324 1129 2371 montem
1141 2314 1285 2388 Taurum,
1297 2315 1407 2384 loravi3

419 2418 452 2469 ut
471 2408 639 2480 Armeades,
659 2426 713 2467 rex
733 2408 899 2479 Armenius,
911 2427 1084 2484 quoeunque
1102 2410 1200 2469 animo
1215 2420 1305 2483 esset,
1316 2412 1408 2483 mirei,

419 2524 476 2565 non
497 2504 596 2581 prueul
615 2522 634 2563 a
653 2504 712 2563 auia
732 2504 836 2563 tinibus
856 2504 1015 2563 exereitum
1035 2505 1133 2581 populi
1153 2504 1282 2565 Benarni
1295 2518 1407 2579 eareat

422 2600 600 2671 Deiotarum,
613 2600 807 2659 fidelissimum
821 2618 920 2676 regem
932 2609 1020 2675 atque
1033 2600 1238 2661 amicissimum
1250 2603 1297 2661 rei
1317 2604 1406 2679 publi·

420 2716 470 2757 oae
489 2706 611 2768 110⁸an
624 2694 761 2755 ‘maxime
781 2694 964 2771 conjunctum
983 2696 1127 2767 haberem,
1141 2696 1223 2772 eujua
1242 2708 1273 2757 et
1292 2700 1405 2759 emailio

380 2802 450 2856 wei
462 2794 563 2870 opibus
583 2792 714 2869 adjuvari
735 2802 830 2869 posset
843 2810 890 2851 rea
903 2792 1027 2869 publiea
1068 2792 1096 2851 ³.
1118 2792 1184 2866 Quo
1196 2812 1288 2869 quum
1302 2796 1334 2853 in
1346 2796 1403 2855 loon

419 2900 513 2950 naama
526 2890 661 2949 haberem
675 2888 892 2964 equitatumque
901 2890 933 2947 in
944 2886 1075 2949 Ciliciam
1084 2891 1233 2962 miaiaaem,
1242 2902 1318 2951 utet
1325 2912 1403 2951 mena

419 2986 559 3045 adventur
568 2986 604 3045 iis
614 2986 784 3057 civitatibus,
793 3003 870 3061 quae
880 2985 910 3042 in
921 3003 957 3043 ea
964 2996 1045 3063 perte
1052 2996 1155 3057 eruent,
1162 2988 1313 3047 nuntiatur
1320 2990 1403 3047 firmi·

419 3100 482 3141 ores
502 3082 610 3141 animos
628 3082 755 3141 omnium
775 3080 883 3139 feneret
902 3089 932 3139 et
944 3099 998 3157 ego
1010 3091 1130 3152 mature,
1143 3082 1213 3157 quid
1226 3094 1362 3159 ageretur
1373 3086 1401 3143 in

420 3175 513 3254 Syria,
536 3177 610 3237 noire
634 3194 756 3253 possem,
779 3185 892 3252 tompna
910 3174 974 3251 ejue
993 3176 1089 3247 tridui,
1100 3177 1179 3253 quod
1197 3178 1229 3235 in
1248 3178 1286 3237 iia
1305 3181 1400 3239 earnm

380 3273 560 3343 temerabat,
573 3272 603 3331 in
622 3290 727 3349 magno
747 3271 839 3330 officio
858 3280 888 3329 et
906 3271 1068 3331 neoeaaario
1080 3272 1150 3329 mihi
1169 3274 1336 3349 ponendum
1352 3294 1400 3351 pu·

419 3369 488 3427 tavi.
528 3370 555 3425 4.
577 3368 674 3442 Quum
695 3370 772 3427 enim
790 3366 900 3426 ‘vestra
912 3367 1066 3425 auctoritas
1080 3368 1293 3441 interneaaiaaet,
1306 3380 1339 3428 nt
1351 3389 1399 3446 ego

419 3484 519 3543 regem
551 3466 779 3526 Ariobarzanem
812 3462 959 3524 ‘Euseben
993 3474 1023 3521 et
1050 3462 1282 3523 Phiiommaenm
1309 3475 1399 3525 tuerer

419 3561 538 3639 ejusque
551 3564 626 3641 regia
640 3562 769 3633 salutem,
780 3562 1015 3621 ineolumitatem⁸
1025 3578 1203 3636 regnumque
1212 3560 1397 3631 defenderem,

419 3659 481 3736 regi
494 3678 639 3737 regnoque
654 3660 795 3737 praesidio
805 3678 917 3726 omemt
937 3654 1198 3733 adjunxissetiaque
1209 3656 1333 3715 salutem
1342 3658 1396 3734 ejus

379 3757 496 3833 noregia
515 3757 620 3832 populo
640 3756 808 3831 senatuique
828 3772 951 3831 magnae
970 3772 1057 3813 curae
1075 3770 1147 3822 eree,
1160 3752 1238 3826 quod
1254 3753 1334 3811 nullo
1352 3773 1396 3812 uu·

419 3850 555 3929 quamde
574 3868 642 3928 rege
656 3852 801 3910 decretum
814 3858 890 3907 earet
901 3866 921 3907 a
932 3858 1029 3908 roano
1041 3848 1160 3916 ordine;
1180 3848 1346 3906 existimari
1357 3868 1395 3907 me

411 4012 506 4101 rui.
523 4046 596 4099 xnn
627 4046 709 4099 -uue
724 4042 1161 4111 numm-,ammo
1175 4045 1268 4113 eree.
1300 4046 1392 4100 roe

380 4128 407 4179 in
419 4128 474 4181 cdd·
486 4128 534 4181 m·
547 4132 585 4189 10,
595 4140 619 4177 n.
631 4130 668 4177 18.
