3317 4984
480 588 544 634 rso
564 589 592 632 τ.
612 588 714 633 nmo
734 589 869 646 mous,
891 589 961 633 our.
981 591 1038 632 vm
1212 576 1269 636 819

252 769 344 829 posse.
385 748 470 825 Quod
483 751 538 810 nisi
558 749 682 822 vidisset,
696 769 778 828 posse
797 749 908 810 absolvi
927 769 1001 823 enm,
1015 749 1065 826 qui
1085 749 1231 825 fateretur,

252 867 341 924 quum
355 847 467 906 videret
485 865 537 905 nos
556 846 649 919 fateri,
662 865 758 922 neque
777 845 877 922 quaeri
891 865 1017 922 unquam
1033 845 1165 922 jussisset
1177 867 1230 907 neo

252 945 333 1002 vobis
346 939 426 1001 ¹’tam
438 941 513 1002 bano
524 943 678 1001 salutarem
691 943 721 1000 in
731 940 888 1018 judioando
904 937 1038 1000 1⁴litorum
1052 961 1138 1018 quum
1151 943 1230 1002 illam

252 1040 363 1098 tristem
375 1038 505 1098 dedisset.
544 1037 621 1096 Mihi
641 1058 710 1098 vero
730 1035 784 1098 cn
800 1037 957 1114 Pompeius
977 1057 1034 1096 non
1053 1039 1137 1097 modo
1158 1039 1229 1097 nihss

251 1135 368 1211 parius
381 1144 479 1194 eontra
487 1133 629 1192 Milouem
637 1133 790 1209 judicasse,
800 1133 851 1191 sed
863 1133 950 1192 etiam
964 1133 1094 1192 statuisse
1109 1133 1229 1208 videtur,
1253 1149 1269 1196 a

251 1232 320 1308 quid
334 1251 386 1291 vos
399 1232 430 1288 in
436 1229 592 1306 jndioando
604 1242 732 1306 spectare
745 1239 897 1307 oporteret
938 1228 1015 1288 Nam
1030 1230 1080 1305 qui
1093 1249 1151 1288 non
1164 1249 1230 1306 poe·

250 1347 319 1388 nem
338 1327 516 1399 oonsessioni,
536 1328 587 1386 sed
606 1327 799 1386 defensionem
819 1325 906 1398 dedit,
926 1325 950 1384 is
970 1345 1085 1385 oausam
1099 1325 1229 1386 interitus

251 1425 455 1501 quaerendum
475 1443 533 1482 nou
555 1421 865 1500 1‘interitumputarit
915 1423 960 1480 lb
984 1422 1051 1481 Jam
1077 1422 1145 1480 illud
1168 1423 1229 1500 ipse

250 1523 326 1582 dicet
339 1521 473 1600 profesto,
485 1517 585 1598 ¹⁰qu0d
599 1540 653 1580 sua
664 1530 765 1598 sponte
778 1519 854 1592 iecit,
869 1519 1011 1578 Publione
1027 1517 1127 1578 Clodio
1141 1519 1229 1578 tribu·

250 1619 356 1679 endum
369 1619 526 1696 putaritan
539 1618 669 1696 tempori.
1238 1629 1268 1680 1⁰

290 1715 362 1774 VH.
403 1715 490 1774 Domi
503 1734 572 1774 snse
584 1711 774 1772 nobilissimus
786 1713 841 1784 vir,
854 1721 969 1774 senatus
980 1721 1175 1792 propugnator
1187 1723 1229 1772 at·

250 1830 308 1888 que
322 1811 379 1870 illis
392 1811 507 1888 quidem
521 1810 696 1886 temporibus
708 1827 800 1885 paene
813 1818 957 1886 muudus,
971 1809 1128 1867 avunculus
1144 1807 1229 1884 hnjus

246 1906 352 1983 judicis
371 1905 467 1976 nostri,
481 1903 625 1964 fortissimi
644 1903 709 1974 viri,
723 1902 767 1963 M.
783 1901 909 1974 Catonis,
922 1904 1053 1962 tribunus
1073 1903 1164 1981 plebis
1185 1904 1228 1962 M.

251 1999 377 2062 ¹Drusus
390 2001 498 2060 oooisns
510 2009 563 2060 est-
603 1999 686 2058 Nihil
704 1999 742 2057 de
762 1997 823 2074 ejus
838 2007 928 2057 morte
940 1998 1062 2075 populns
1075 1999 1228 2071 oonsultus,

250 2099 330 2158 nulls
342 2099 471 2174 quaestio
482 2097 599 2156 decreta
609 2115 630 2154 a
642 2107 742 2154 senatu
754 2103 806 2153 est.
850 2093 996 2168 Quantum
1009 2094 1117 2152 luctum
1131 2096 1160 2154 in
1174 2095 1227 2154 bso
1237 2109 1267 2156 lo

250 2196 322 2253 urbe
334 2194 420 2254 fnism
439 2213 460 2252 a
477 2193 581 2252 nostris
600 2192 727 2270 patribus
747 2191 918 2267 aooepimus,
930 2209 1018 2267 quum
1033 2189 1068 2248 P.
1082 2191 1228 2263 Africano,

249 2291 328 2350 domi
340 2309 409 2350 suae
422 2291 589 2368 quiesosnti,
601 2291 653 2350 illa
671 2298 810 2349 nocturna
823 2288 867 2346 vis
882 2297 956 2346 esset
970 2287 1068 2346 illata!
1089 2288 1153 2364 quis
1166 2295 1228 2347 tuni

250 2406 307 2446 non
320 2385 450 2465 gemuit?
469 2387 534 2464 quis
546 2406 605 2446 non
617 2387 688 2446 ursit
699 2385 804 2458 dolosa,
818 2403 904 2462 quem
917 2383 1114 2454 immortalem,
1129 2385 1154 2444 si
1167 2385 1228 2444 fieri

249 2493 353 2561 posset,
366 2503 464 2543 omues
478 2503 541 2544 esse
553 2493 699 2562 superent,
712 2485 775 2562 ejus
788 2502 827 2544 ne
845 2485 1034 2544 neeessariam
1048 2483 1164 2560 quidem
1178 2501 1229 2542 ex·

250 2589 407 2657 spsctstsm
426 2600 489 2640 esse
508 2579 649 2640 mortem?
688 2581 770 2640 Num
783 2582 873 2660 igitur
886 2581 945 2640 ulla
958 2581 1087 2658 quaestio
1099 2579 1136 2638 de
1149 2578 1267 2640 Afri-20

249 2677 315 2736 osni
334 2686 426 2737 morte
445 2679 505 2738 luta
523 2677 591 2738 est?
636 2677 722 2741 Certe
742 2681 830 2740 nuda
878 2681 923 2738 17.
945 2679 1023 2756 Quid
1042 2677 1107 2739 ita?
1152 2677 1229 2754 Quia

249 2793 308 2832 nou
319 2774 376 2832 alio
390 2773 513 2834 facinore
525 2775 596 2834 olari
609 2775 746 2848 bomines,
755 2777 811 2835 alio
824 2777 937 2836 obscuri
950 2785 1095 2836 neosnmr.
1136 2773 1228 2834 Inter·

249 2870 288 2928 sit
300 2871 376 2928 inter
388 2871 465 2930 vitae
477 2871 646 2948 dignitatem
659 2893 835 2933 summorum
849 2883 935 2950 atque
950 2873 1131 2932 intimorum:
1150 2891 1228 2931 mors
1349 2887 1352 2892 ·

249 2963 374 3042 'quidem
387 2968 468 3028 illota
480 2987 533 3046 per
544 2969 637 3029 soelus
649 2971 749 3031 iisdem
763 2981 792 3031 et
805 2973 904 3049 poenis
918 2981 1049 3030 teneatur
1063 2979 1093 3029 st
1104 2969 1227 3048 legibus3

248 3062 305 3120 nisi
327 3062 401 3120 forte
423 3065 514 3141 magis
534 3065 590 3123 orit
612 3067 763 3143 parricida,
785 3068 810 3126 si
834 3068 884 3144 qui
907 3066 1084 3126 oonsulsrem
1108 3075 1227 3144 patrum,
1235 3077 1267 3125 ss

249 3177 336 3234 quam
348 3159 374 3216 si
385 3161 450 3234 quis
463 3161 600 3220 humilem
613 3164 767 3235 neosverit,
780 3175 831 3223 aut
844 3183 880 3223 eo
897 3182 973 3223 mors
986 3163 1109 3224 strooior
1121 3163 1176 3223 erit
1191 3161 1227 3220 P.

252 3253 352 3327 Clodii,
363 3256 439 3332 quod
458 3258 483 3314 is
503 3259 533 3315 in
546 3255 746 3318 ³monumentis
759 3259 899 3336 majorum
913 3277 1029 3319 snorum
1043 3261 1082 3320 sit
1096 3259 1228 3318 interlec-

249 3360 305 3412 ωε,
344 3352 410 3412 Hos
423 3355 499 3412 enim
513 3357 550 3413 ab
569 3356 632 3414 istis
644 3375 731 3432 saepe
743 3357 865 3426 dieitur3
886 3357 1004 3434 proinde
1018 3357 1099 3433 qussi
1114 3357 1229 3434 Appius

249 3449 299 3508 ille
320 3447 430 3508 Caecus
449 3452 526 3510 vium
546 3453 708 3524 muniverit,
727 3471 784 3512 nou
804 3473 863 3530 qus
882 3453 1003 3532 populus
1022 3463 1159 3526 uteretur,
1179 3453 1227 3512 sed

250 3547 299 3604 ubi
312 3546 427 3624 impune
441 3547 484 3605 sui
498 3548 604 3624 posteri
616 3549 862 3608 latrocimi-entur.
904 3551 949 3608 18.
968 3549 1070 3628 Itaque
1084 3551 1113 3608 in
1127 3549 1268 3610 eademst)
1328 3545 1334 3560 '

249 3643 306 3702 ista
324 3644 422 3721 Appia
443 3645 493 3703 via
514 3664 604 3721 quum
626 3647 837 3706 ornatissimum
860 3649 986 3724 equitem
1008 3645 1170 3706 Romanum
1193 3647 1228 3705 P.

251 3737 369 3798 Clodius
379 3738 423 3798 Μ.
434 3739 584 3817 Papirium
596 3741 752 3813 oooidisset,
764 3761 823 3802 nou
836 3742 890 3801 fuit
903 3743 974 3802 illud
986 3741 1097 3802 facium
1110 3745 1228 3820 punien-

249 3835 337 3904 dnm;
356 3837 443 3896 homo
454 3839 532 3896 enim
546 3838 649 3896 nobilis
663 3839 693 3896 in
707 3840 766 3898 suis
778 3841 969 3898 monumentis
983 3841 1109 3916 equitem
1124 3839 1228 3898 Romu·

249 3950 319 3990 num
331 3933 489 3992 oeciderat:
508 3953 585 3993 nuno
598 3933 727 4010 ejusdem
737 3934 853 4012 Appiae
867 3953 969 3996 nomen
983 3945 1105 4012 quantas
1118 3945 1229 4012 tragoe-

249 4028 311 4086 dias
332 4029 459 4088 excitat!
510 4028 595 4105 Quae
617 4039 766 4090 cruentius
789 4041 876 4090 autea
900 4031 986 4090 caede
1008 4031 1118 4090 honesti
1141 4041 1227 4106 atque
1236 4045 1267 4092 so

249 4121 407 4182 innocentis
432 4123 489 4181 viri
513 4121 669 4194 silebatur,
696 4125 797 4183 eadem
824 4143 900 4183 nuno
931 4125 1031 4184 erebro
1056 4121 1228 4200 ‘usurpatus

249 4229 434 4295 posteaquam
454 4219 572 4278 latronis
584 4227 616 4278 et
628 4219 787 4296 parricidae
800 4219 939 4297 sanguine
952 4219 1062 4278 imbuta
1075 4227 1127 4279 est.
1169 4217 1228 4280 sed
