3317 4984
398 500 456 560 818
847 518 966 562 enarro

436 676 550 749 vellem,
563 676 725 737 decernere„
766 676 850 753 Quae
868 679 982 755 quidem
998 679 1023 739 si
1040 682 1176 759 potentia.
1184 690 1229 741 est
1245 681 1414 761 appellanda

436 775 529 850 potius
543 793 629 849 quam
641 784 691 832 aut
703 784 821 851 propter
835 794 938 854 magna
956 776 986 833 io
1004 794 1065 833 rem
1082 778 1227 853 publicam
1241 780 1345 837 merita
1358 798 1414 837 me·

436 870 538 929 diocris
558 871 589 927 in
608 870 688 927 bonis
708 871 801 929 musis
819 872 972 929 auctoritas
993 880 1045 930 aut
1066 884 1182 950 propter
1204 875 1255 933 hos
1278 874 1414 933 officiosos

436 966 547 1025 labores
560 984 638 1025 meos
651 966 788 1024 nonnulla
800 968 877 1042 apud
890 968 977 1025 bonos
995 968 1096 1044 gratia,
1108 969 1269 1045 appelletur
1282 970 1324 1027 ita
1337 989 1413 1043 eane,

414 1062 588 1123 edummodo
607 1080 643 1121 ea
662 1080 714 1119 nos
734 1070 849 1119 utamur
867 1080 920 1139 pro
939 1062 1030 1121 salute
1050 1064 1187 1123 bonorum
1205 1075 1305 1124 contra
1318 1084 1414 1124 amen·

434 1159 505 1217 tiam
518 1159 701 1235 perditorum.
745 1157 791 1215 13.
812 1158 898 1217 Hanc
912 1177 980 1219 vem
994 1156 1208 1237 ‘quaestionem
1222 1163 1277 1220 etsi
1297 1182 1355 1219 non
1370 1172 1413 1221 est

434 1255 539 1331 iniqua,
549 1273 695 1329 nunqnam
709 1261 806 1312 tamen
819 1262 933 1313 senatus
947 1256 1170 1315 constituendam
1181 1258 1309 1333 putavit;
1331 1270 1413 1317 eraut

434 1352 510 1409 enim
530 1350 615 1427 leges,
629 1357 712 1408 erant
731 1350 919 1426 quaestiones,
933 1350 980 1409 vel
999 1351 1035 1409 de
1055 1352 1142 1410 caede
1162 1352 1210 1411 vel
1229 1353 1266 1410 dc
1287 1353 1339 1421 vi;
1359 1372 1410 1413 neo

434 1456 545 1505 fantium
558 1464 716 1505 maerorem
729 1465 764 1505 ac
774 1446 883 1505 luctum
897 1447 1006 1505 senatui
1021 1466 1097 1507 mors
1109 1447 1144 1505 P.
1157 1446 1249 1509 Clodii
1263 1448 1412 1521 afferebat,

396 1552 467 1603 tout
479 1563 555 1602 nova
568 1542 696 1619 quaestio
709 1543 935 1601 constitueretur.
979 1540 1069 1619 Cujus
1082 1544 1157 1602 enim
1179 1545 1215 1602 de
1229 1545 1278 1603 illo
1291 1541 1411 1603 ‘incesto

433 1647 530 1717 stupro
545 1637 686 1715 judicium
708 1638 879 1696 decernendi
901 1638 1011 1697 senatui
1030 1647 1154 1717 potestas
1167 1651 1241 1699 esset
1253 1650 1363 1718 erepta
1376 1640 1409 1699 de

432 1734 493 1814 ejus
513 1736 638 1806 interitu,
657 1734 720 1811 quis
738 1742 833 1811 potest
852 1735 976 1807 credere,
997 1744 1126 1794 senatum
1143 1736 1283 1813 judicium
1304 1758 1409 1797 novum

432 1831 660 1890 constituendum
679 1828 817 1909 putasse?
868 1828 927 1889 Gur
946 1830 1033 1907 igitur
1053 1832 1213 1891 incendium
1235 1826 1343 1905 curiae,
1362 1854 1410 1911 op-

431 1929 633 2011 pugnationem
651 1927 766 1986 aedium
786 1925 829 1983 M.
845 1924 959 2003 Lepidi,
973 1927 1090 1985 caedem
1110 1928 1184 1987 hanc
1204 1930 1296 2005 ipsam
1311 1942 1409 1989 ccum

393 2038 424 2085 lt
432 2042 494 2083 rem
510 2024 650 2101 publicam
663 2032 776 2081 senatu
789 2021 894 2081 mamm
908 2040 970 2081 esee
984 2022 1134 2081 decrevit?
1175 2022 1251 2099 Quia
1272 2026 1353 2083 nulla
1367 2028 1408 2083 vis

432 2138 556 2197 unquam
570 2129 614 2179 est
626 2121 655 2177 in
674 2120 765 2180 libera
782 2118 898 2178 civitate
912 2129 1044 2197 suscepta
1057 2121 1133 2179 inter
1146 2122 1225 2179 cives
1237 2140 1296 2180 nou
1309 2138 1407 2180 contu-a

430 2234 492 2275 rem
504 2214 657 2292 publicam.
699 2215 744 2273 14.
765 2214 833 2273 Non
853 2215 931 2273 enim
950 2223 994 2273 est
1012 2210 1073 2274 'illa
1092 2215 1218 2275 defensio
1237 2204 1339 2275 contra
1353 2219 1407 2275 vim

430 2330 555 2389 unquam
569 2310 700 2387 optanda,
721 2310 772 2369 sed
791 2330 994 2388 nonnunquam
1014 2320 1058 2370 est
1077 2314 1251 2371 necessaria:
1272 2314 1328 2371 nisi
1343 2332 1408 2371 vero

430 2418 481 2467 aut
493 2409 540 2466 ille
554 2408 623 2479 dies,
637 2425 694 2484 quo
707 2406 752 2465 Ti
767 2405 915 2467 Gracchus
929 2414 973 2467 eet
986 2426 1093 2479 caesus,
1106 2418 1156 2467 aut
1169 2409 1225 2481 ille,
1239 2428 1296 2487 quc
1313 2407 1407 2481 Caius

391 2516 423 2565 2⁰
431 2514 482 2563 aut
501 2522 583 2562 arms
597 2501 745 2563 Saturnini
764 2522 830 2575 non,
843 2504 952 2563 etiamsi
972 2499 1000 2561 ἐ
1013 2522 1045 2563 re
1059 2504 1172 2581 publice
1185 2524 1324 2582 oppressa
1337 2518 1408 2575 euru,

428 2618 491 2666 rem
514 2600 657 2677 publicam
678 2607 773 2658 tamen
796 2600 992 2659 vulnerarunt.

469 2696 524 2755 VI.
564 2696 668 2773 Itaque
689 2714 742 2773 ego
765 2696 826 2773 ipse
850 2692 983 2769 ¹decrevi,
1003 2716 1091 2773 quum
1112 2698 1229 2757 caedem
1249 2700 1281 2757 in
1300 2696 1409 2776 'Appia

429 2792 534 2853 factam
555 2811 618 2853 esee
639 2802 788 2864 constaret,
808 2812 867 2851 non
887 2811 962 2865 eum,
981 2794 1031 2869 qui
1055 2812 1085 2852 se
1108 2794 1287 2867 defendisset,
1308 2806 1408 2855 contre

429 2910 492 2949 rem
512 2890 654 2967 publicam
673 2888 793 2957 feciese;
812 2890 872 2960 sed,
886 2908 974 2966 quum
995 2890 1121 2949 inessent
1140 2892 1169 2949 in
1189 2910 1221 2950 ne
1240 2894 1285 2951 vie
1298 2904 1330 2951 et
1343 2894 1407 2951 insi·

391 2989 503 3059 ztdiae,
523 2988 630 3047 crimen
645 2984 754 3062 judicic
774 2986 929 3059 reservavi,
948 2984 1021 3045 ³rem
1044 2988 1149 3047 notavi.
1201 2987 1286 3063 Quod
1309 2990 1334 3047 si
1358 3008 1407 3066 per

430 3084 566 3143 furiosum
585 3084 666 3141 illum
685 3079 842 3141 ‘tribunum
866 3084 986 3154 senatui,
1006 3084 1081 3159 quod
1101 3086 1248 3155 sentiebat,
1271 3086 1405 3160 perficere

429 3182 562 3251 licuisset,
575 3198 681 3239 novam
700 3178 895 3255 quaestionem
915 3179 1022 3239 nullam
1043 3180 1221 3239 haberemus.
1263 3180 1405 3239 Decerne·

412 3351 414 3355 ,
429 3279 479 3336 bat
498 3278 583 3347 enim,
596 3285 627 3335 ut
646 3274 801 3335 ³veteribus
821 3275 941 3355 legibus,
955 3277 1147 3335 tantummodo
1160 3272 1254 3335 “extra
1268 3278 1404 3349 ordinem,

429 3380 622 3451 quaereretur.
669 3368 785 3429 'Divisa
804 3372 946 3431 sententia
965 3382 1017 3445 est,
1037 3373 1198 3451 postulante
1218 3374 1314 3433 neseio
1334 3392 1405 3449 quo;

333 3518 338 3527 .
390 3471 501 3531 atnihil
523 3470 601 3529 enim
624 3486 739 3529 necesse
762 3477 806 3527 est
827 3470 954 3526 omnium
974 3488 1020 3527 me
1040 3470 1149 3545 flagitia
1171 3468 1307 3546 proferre.
1358 3468 1405 3529 Sic

427 3562 705 3641 ⁸reliquaauctcvitas
719 3574 834 3625 senatus
847 3572 944 3640 empta
957 3565 1158 3623 intercessione
1169 3566 1281 3624 sublata
1293 3576 1347 3625 cst

349 3641 355 3652 ’
470 3662 516 3720 15.
535 3658 589 3719 Ἀι
602 3661 679 3719 enim
694 3658 747 3719 cn.
762 3659 918 3735 Pompeius
930 3660 1075 3737 rogatione
1095 3679 1147 3719 aua
1167 3670 1196 3719 ει
1215 3661 1251 3719 de
1271 3680 1304 3719 re
1322 3671 1351 3719 et
1369 3661 1404 3719 de

429 3776 516 3817 cauea
532 3757 694 3833 judicavit3
724 3752 811 3814 ¹⁰tulit
829 3757 907 3813 enim
926 3756 963 3815 de
983 3756 1077 3827 caede,
1097 3774 1171 3833 quae
1190 3757 1220 3813 in
1240 3756 1340 3835 Appia
1359 3758 1404 3815 via

428 3852 504 3913 facta
516 3864 598 3924 esset,
611 3854 641 3911 in
654 3870 712 3927 qua
726 3850 762 3908 P.
779 3848 895 3910 Clodius
909 3852 1017 3911 occisus
1031 3862 1114 3911 esset
1149 3850 1225 3927 Quid
1239 3872 1309 3929 ergo
1323 3852 1404 3911 tulit?

389 3964 421 4013 te
429 3950 543 4027 Nempe
556 3958 589 4007 ut
602 3956 793 4025 quaereretur.
829 3944 908 4020 Quid
920 3966 1005 4023 pomo
1018 3949 1212 4023 quaerendum
1225 3947 1292 4007 est?
1334 3948 1404 4008 Fac·

429 4058 527 4105 tumne
539 4042 597 4103 sit?
636 4044 680 4103 At
691 4052 807 4102 constat
849 4042 879 4100 A
893 4042 972 4118 quo?
1012 4044 1055 4103 At
1067 4040 1176 4120 llpauet.
1217 4044 1300 4103 Vidit
1319 4047 1404 4123 igitur

429 4140 516 4200 etiam
537 4141 567 4198 in
586 4134 952 4213 confessionefacti1'juris
973 4148 1067 4197 tamen
1087 4138 1280 4199 defensionem
1299 4138 1403 4219 suscipi
