3317 4984
682 546 710 591 0·
731 545 852 592 CASSIO·

512 804 780 867 EPISTOLA
819 806 1024 866 xxvl1.·

357 986 444 1051 (Sor.
456 988 584 1040 Brundisii
594 1002 686 1051 mense,
697 996 726 1039 ni
736 988 840 1050 ridetur,
853 988 987 1041 Sextii&
998 988 1032 1039 U.
1045 986 1075 1040 (1.
1087 988 1153 1053 707.)

452 1116 485 1167 Δ
496 1116 530 1169 U.
543 1116 572 1169 (1.
585 1119 640 1168 707.
672 1116 740 1167 Anne
749 1115 778 1168 0.
788 1116 820 1166 N.
829 1118 870 1166 47.
902 1116 972 1167 Anni
983 1115 1035 1168 Cic.
1046 1122 1085 1167 oo.

263 1240 300 1292 0.
318 1240 401 1293 ἔω..
424 1244 539 1297 cnm
554 1246 590 1295 Π.
607 1245 729 1307 Dictator,
746 1244 782 1295 M.
798 1244 948 1297 Aaronrns
964 1245 1085 1311 Magister
1099 1246 1227 1311 Equitum

248 1398 371 1465 Omen,
392 1404 464 1455 bello
480 1404 652 1456 Alexandrino
668 1405 786 1467 oonfeetn,
798 1420 883 1456 mense
895 1405 1033 1471 Septembri
1043 1407 1070 1456 in
1085 1405 1186 1457 Italiam
1196 1406 1275 1468 rediit,

209 1480 295 1544 eiqne
312 1480 421 1534 Cicero
432 1485 532 1535 obviam
544 1486 667 1549 prooessit
701 1485 793 1536 Gsessr
804 1494 832 1535 nt
842 1500 900 1534 enm
910 1486 956 1535 essii
966 1487 1168 1547 occurrerevidit,
1178 1486 1275 1535 deseen-

212 1558 264 1621 dis,
271 1574 409 1627 eumque
420 1564 543 1625 salumn,
554 1580 612 1615 enm
622 1579 701 1630 eoque
711 1564 855 1631 ooiloqnens
863 1565 942 1615 mults
949 1566 1030 1615 stadis
1039 1567 1163 1629 prooessit
1195 1564 1276 1615 Panlo

215 1649 281 1703 post
294 1640 412 1705 Cicero,
420 1646 463 1709 qni
474 1646 601 1710 hncnsqne
611 1644 739 1695 Brundisii
749 1654 915 1695 eommorsms
925 1656 984 1707 erat,
995 1645 1022 1694 in
1033 1644 1117 1694 urbem
1127 1646 1201 1695 venit.

252 1720 366 1775 'hibns
390 1726 510 1775 extremis
524 1726 548 1775 h.
563 1741 587 1775 s.
604 1726 730 1775 mensibus
747 1740 810 1777 coss.
828 1724 928 1775 inmune
944 1724 976 1787 Q.
987 1725 1074 1775 Fnflns
1086 1724 1193 1775 Csienns
1203 1735 1229 1776 et
1243 1725 1274 1775 P.

221 1799 371 1853 vatinius.
412 1804 504 1855 casser
514 1804 561 1855 VL
577 1804 634 1855 Kal.
651 1804 710 1857 dan.
722 1804 842 1870 Lilybaeo
855 1805 882 1854 in
892 1804 1007 1855 Airionm
1017 1805 1119 1869 trajecit,
1130 1805 1223 1855 bellnm
1234 1806 1276 1855 sd·

221 1892 322 1930 verens
343 1882 527 1949 Pompeianos,
546 1882 687 1949 Scipionem
703 1891 728 1934 et
739 1883 860 1936 &ionem
870 1892 896 1934 et
909 1882 1002 1935 Jnhnm
1017 1882 1182 1934 Mauritaniae
1193 1898 1275 1949 regem

223 1966 368 2023 gutum.

514 2108 558 2167 M.
580 2106 704 2169 Grceno
727 2106 757 2169 S.
780 2108 818 2167 D.
841 2106 875 2169 O.
897 2107 1023 2169 Csssro.

278 2255 308 2310 1.
333 2250 406 2311 Etsi
419 2261 539 2329 uterque
553 2262 681 2311 nostmm
694 2248 756 2327 ¹spe
770 2252 850 2329 pacis
863 2260 894 2309 et
906 2250 972 2309 odio
984 2252 1076 2311 eiviiis
1089 2252 1235 2330 sanguinis

233 2348 348 2407 abesse
362 2366 383 2406 a
395 2348 464 2406 belli
476 2348 631 2405 neoesesrii
641 2347 798 2423 pertinacia
806 2348 905 2418 voluit,
911 2356 1017 2420 temen,
1025 2348 1159 2423 qnoniam
1173 2349 1235 2426 ejus

235 2445 359 2503 eonsilii
374 2445 506 2521 prinesps
520 2462 574 2521 ogo
587 2443 676 2503 fnisse
690 2444 798 2515 videor,
811 2444 877 2519 plue
890 2442 1011 2503 fortasse
1024 2446 1075 2503 ribi
1089 2455 1235 2523 praestare

236 2538 304 2616 ipen
320 2540 416 2599 debeo
427 2558 514 2615 qnam
525 2558 545 2598 a
554 2549 583 2597 te
594 2547 771 2616 exspectare.
813 2538 887 2611 Etsi,
896 2549 930 2598 nt
938 2559 1026 2617 saepe
1036 2542 1113 2600 soleo
1121 2561 1235 2601 meeum

240 2636 401 2707 reeordari,
415 2654 510 2695 sermo
529 2634 678 2695 familiaris
691 2654 773 2695 mens
786 2645 891 2708 teonm,
904 2645 934 2694 et
946 2636 1016 2694 item
1034 2654 1148 2695 meeum
1161 2646 1235 2709 tuns,
1259 2652 1274 2699 e

240 2732 370 2791 adduxit
391 2742 544 2808 utrumque
567 2740 696 2791 nostrnm
717 2732 754 2791 ad
776 2732 806 2789 id
828 2730 985 2803 eonsilium,
998 2740 1031 2789 nt
1051 2752 1108 2791 uno
1127 2734 1235 2809 proelio

242 2838 423 2905 putaremus,
437 2830 462 2889 si
482 2849 540 2887 non
559 2838 649 2887 totam
669 2848 795 2901 censam,
808 2838 840 2889 si
851 2837 930 2887 eerte
942 2826 1081 2887 ¹noennm
1094 2828 1235 2905 judioinm

242 2924 360 2983 definiri
371 2926 533 2985 eonvenite.
567 2926 671 3003 Neque
682 2926 835 3001 quisquam
845 2925 920 2984 hano
929 2934 1055 2983 nostram
1066 2926 1236 2983 sententiam

192 3048 197 3060 ·
245 3040 317 3081 vere
332 3042 461 3099 unquam
480 3023 665 3101 reprehendit
684 3032 799 3101 praeter
812 3041 870 3095 eos
882 3022 933 3098 qni
946 3022 1121 3080 arbitrantur
1133 3022 1235 3080 melius

245 3137 311 3179 esse
325 3120 415 3179 deleri
428 3121 543 3179 omnino
556 3138 618 3178 rem
632 3120 775 3196 publiesm
789 3138 877 3196 quom
888 3115 1080 3177 ‘imminutam
1092 3127 1123 3177 et
1134 3118 1275 3179 debili-1⁰

247 3224 339 3277 tanam
351 3234 476 3275 manere.
518 3216 583 3293 Ego
593 3226 689 3275 sutem
699 3236 738 3276 ex
751 3216 869 3277 interino
880 3214 942 3293 ejus
952 3214 1061 3274 nnllam
1071 3234 1152 3293 spem
1162 3215 1235 3275 seili-

248 3320 294 3372 eet
306 3312 379 3371 mihi
393 3314 595 3391 proponebam,
605 3332 644 3372 ex
655 3314 782 3391 reliquiis
793 3332 936 3389 magnam.
977 3312 1005 3370 2.
1046 3310 1104 3372 Sed
1113 3310 1160 3371 ‘es
1169 3321 1236 3371 sunt

250 3410 410 3481 onnsemt's,
423 3418 454 3467 nt
467 3410 558 3487 magis
571 3410 677 3467 mirnm
690 3411 728 3467 sii
741 3410 871 3468 senidere
881 3408 932 3467 iila
943 3409 1076 3484 potuisse,
1086 3428 1173 3484 quem
1182 3428 1236 3467 nos

249 3524 306 3565 non
327 3506 434 3565 vidisse
455 3524 491 3564 es
510 3505 615 3577 futura,
628 3524 690 3577 neo,
703 3506 833 3565 homines
846 3524 935 3581 quum
956 3522 1092 3575 essemus,
1105 3506 1235 3564 divinare

250 3602 383 3678 potuisse.
425 3601 569 3677 Equidem
583 3601 675 3660 fateor
687 3620 782 3660 meam
796 3601 988 3677 oonjeotnrnm
1002 3601 1077 3659 hene
1089 3598 1185 3673 fnisse,
1195 3610 1235 3673 nt,
1245 3614 1275 3661 le

250 3698 299 3757 iilo
322 3698 406 3773 qnasi
429 3699 552 3773 quodam
574 3696 667 3757 ‘fatali
686 3698 796 3775 proelio
815 3696 900 3771 fecto,
914 3708 944 3757 et
956 3700 1079 3757 victores
1092 3699 1235 3757 eommuni

251 3793 335 3853 sniuii
347 3794 456 3853 oonsuli
469 3794 578 3852 vellent
591 3803 621 3852 et
633 3794 702 3853 vieti
715 3812 803 3862 snae3
822 3789 989 3871 ‘utrumqne
1000 3803 1099 3853 autem
1112 3795 1236 3871 positum

252 3912 313 3953 esse
326 3892 462 3951 srbitrnri
474 3893 505 3950 in
519 3894 666 3951 celeritate
680 3894 804 3953 victoris.
844 3888 941 3968 'Quae
954 3894 979 3951 si
991 3892 1101 3965 fnisset,
1115 3894 1236 3952 eandem

254 3989 431 4049 elementiam
451 3998 573 4066 experts
586 3998 661 4049 esset
674 3988 784 4062 Assios,
796 3986 895 4065 'quem
908 3990 1041 4067 eognovit
1053 3988 1136 4061 Asin,
1148 4006 1236 4065 qnsm

622 4166 640 4203 θ
655 4164 699 4217 Ad
709 4164 780 4217 Fem-
793 4166 855 4217 XV.
867 4171 905 4217 ιδ.
