3317 4984
383 515 441 575 790
833 533 953 578 onemo

422 691 570 769 integritas
595 711 630 752 ac
656 694 734 752 fides.
775 693 803 751 3.
824 693 940 752 Bellum
966 693 1060 752 subito
1083 693 1211 760 exarsit3
1241 692 1329 768 quod,
1355 694 1402 769 qui

422 795 505 846 erant
527 788 557 844 in
578 787 685 858 Africa,
714 797 780 847 ante
808 789 962 847 andierunt
981 789 1043 864 geri
1063 806 1150 864 quem
1177 789 1300 864 parari·
1339 787 1403 862 Quo

421 885 525 955 audito,
535 885 640 960 partim
653 881 829 961 1²cupiditate
843 885 1059 955 inconsiderata,
1067 885 1172 960 partim
1180 903 1267 943 caeco
1280 887 1402 961 quodam

421 976 552 1049 ¹³timore,
565 980 657 1056 primo
670 977 798 1052 “salutis
812 989 877 1056 post
896 980 985 1038 etium
1005 980 1092 1038 studii
1104 981 1149 1038 sui
1162 983 1343 1058 quaerebant
1354 983 1403 1040 oli·

396 1090 506 1152 tquem
530 1075 652 1143 ducem;
680 1093 768 1150 quum
798 1075 931 1152 Ligarius
958 1075 1074 1133 domum
1101 1085 1242 1152 spectans
1269 1078 1308 1135 ud
1339 1096 1404 1136 suos

421 1173 515 1230 redire
529 1172 655 1247 cupiens,
668 1171 747 1228 nullo
760 1189 791 1229 se
805 1171 945 1247 implicari
959 1171 1072 1247 negotio
1084 1189 1183 1247 possus
1197 1181 1251 1230 est
1283 1173 1403 1232 Interim

422 1269 458 1327 P.
472 1269 570 1328 Attius
583 1265 709 1340 ¹‘Varus
722 1268 772 1344 qul
784 1257 922 1344 ¹⁸praetor
940 1266 1071 1326 Africam
1085 1268 1253 1340 obtinuerat,
1266 1265 1403 1329 ¹'Utiemn

422 1369 520 1426 venit?
539 1366 577 1424 ad
595 1383 661 1424 eum
686 1366 781 1422 statim
801 1383 970 1424 concursum
990 1375 1043 1424 est.
1084 1365 1182 1441 Atque
1195 1366 1245 1423 ille
1265 1385 1325 1422 non
1348 1383 1404 1424 me·

422 1464 510 1522 diocri
534 1463 687 1539 eupiditate
709 1463 831 1538 erripuit
851 1463 1010 1539 imperium,
1032 1463 1058 1520 si
1077 1461 1148 1519 illud
1167 1462 1320 1537 imperium
1343 1479 1403 1520 eme

384 1571 415 1620 10
423 1561 523 1637 potuit,
543 1559 620 1634 quod
647 1559 758 1634 privato
783 1559 907 1617 clamore
936 1558 1123 1615 multitudinis
1144 1558 1304 1633 imperitae,
1328 1556 1405 1616 nullo

422 1656 536 1733 publico
562 1651 699 1713 ¹²³oonsilio
733 1653 925 1714 deferebatur.
986 1656 1013 1712 4.
1046 1654 1150 1729 Itaque
1186 1653 1331 1730 Ligarius,
1356 1655 1404 1730 qni

423 1769 507 1810 omne
522 1750 578 1808 tale
598 1751 745 1827 negotium
758 1747 898 1828 1⁹cuperet
917 1750 1052 1826 effugere,
1066 1751 1182 1827 paulum
1193 1751 1322 1808 sdventu
1335 1749 1405 1808 Vari

423 1847 593 1922 conquievit

463 1943 506 2001 ΙΙ.
546 1945 659 2016 Adhuc
685 1943 717 2004 (l.
741 1942 855 2015 Caesar,
884 1942 921 2018 Q.
948 1943 1082 2021 Ligarius
1104 1945 1183 2002 omni
1205 1943 1292 2019 culpa
1315 1951 1404 2002 voest

385 2055 416 2102 lo
428 2040 521 2100 Domo
540 2048 586 2098 est
605 2059 736 2116 egressus
756 2059 813 2100 non
833 2040 918 2099 modo
930 2040 1042 2098 nullum
1061 2040 1099 2098 ad
1112 2039 1230 2109 bellom
1242 2039 1295 2098 sed
1314 2057 1352 2098 ne
1370 2039 1406 2097 ud

424 2137 571 2196 minimam
592 2136 708 2212 quidem
722 2136 913 2211 suspicionem
931 2135 1017 2194 bellis
1037 2135 1149 2212 legatam
1161 2135 1193 2192 in
1206 2153 1278 2210 pace
1298 2133 1406 2210 profer·

424 2242 479 2306 tus,
491 2233 522 2292 in
541 2232 688 2309 provincis
702 2232 884 2308 pecatusima
902 2232 945 2290 ita
963 2249 995 2292 ss
1015 2233 1112 2309 gessit,
1125 2240 1159 2290 ut
1176 2232 1206 2290 ei
1224 2249 1327 2307 pacem
1345 2249 1405 2290 esse

425 2329 580 2406 expediret
622 2327 766 2386 Profectio
786 2336 866 2388 certe
886 2328 1014 2388 animum
1033 2339 1116 2386 tuum
1137 2347 1195 2386 non
1214 2327 1302 2386 debet
1321 2325 1406 2385 offen·

425 2425 511 2484 dere:
531 2443 602 2482 num
620 2425 708 2500 igitur
727 2422 898 2484 remansio?
937 2423 1033 2482 Multo
1051 2424 1164 2492 minus;
1190 2441 1259 2481 uem
1271 2421 1407 2499 mosculis

386 2533 419 2584 no
431 2522 607 2582 voluntatem
620 2522 720 2580 habuit
733 2541 790 2580 non
803 2530 925 2596 turpem,
939 2521 1083 2578 remansio
1094 2515 1305 2578 ¹nccmsitatem
1318 2520 1404 2576 etiarn

426 2619 582 2678 honestum.
624 2617 703 2694 Ergo
717 2617 788 2676 haee
802 2617 860 2674 duo
879 2625 1009 2691 tempora
1027 2622 1127 2674 went
1144 2615 1283 2673 crimine:
1310 2633 1408 2684 unum,

427 2733 516 2792 quum
530 2723 575 2774 cst
586 2714 698 2791 legatus
709 2713 861 2790 profectus,
874 2711 1007 2780 altarum,
1020 2729 1110 2786 quum
1127 2709 1299 2786 effingimus
1312 2728 1333 2768 a
1345 2729 1408 2785 pro-

427 2813 523 2872 vincia
536 2811 713 2888 praepositus
727 2807 846 2866 Africae
859 2815 911 2866 est.
941 2805 974 2864 ὅ.
992 2806 1123 2865 Tertium
1137 2815 1250 2881 tempos
1261 2803 1326 2875 ἀεὶ,
1335 2805 1408 2880 quud

427 2918 492 2986 post
512 2909 667 2966 adventum
683 2904 755 2962 Vari
768 2905 799 2960 in
813 2901 916 2962 Africo
936 2902 1059 2969 resdtit3
1079 2901 1192 2977 quodsi
1213 2909 1259 2960 est
1279 2901 1409 2959 crimino

389 3019 503 3078 nsum,
530 3002 705 3062 necessitatis
734 3001 843 3058 crimen
870 3011 923 3070 est,
951 3017 1009 3056 non
1034 2998 1197 3057 voluntatis
1236 2997 1290 3056 An
1307 2997 1408 3066 illesi

428 3103 567 3179 potuisset
586 3101 644 3158 ullo
667 3099 750 3156 ωοᾱο
769 3097 902 3166 evadere,
916 3094 1020 3156 Uticae
1040 3113 1130 3170 quam
1143 3093 1263 3163 Romus
1284 3111 1351 3150 cum
1374 3091 1408 3150 P.

428 3198 511 3256 Attio
532 3215 618 3273 quam
638 3215 704 3256 cum
724 3192 951 3254 concordissimis
973 3189 1117 3261 frutribus,
1140 3207 1208 3248 oum
1227 3189 1330 3248 alicnis
1348 3205 1409 3246 esse

429 3313 517 3370 quam
530 3313 597 3352 cum
619 3293 678 3352 suis
694 3287 867 3350 maluisset?
909 3287 1008 3362 Quum
1031 3287 1093 3362 ipsu
1112 3285 1218 3364 kgotio
1239 3283 1410 3360 pleoadesi·

429 3392 501 3450 dorii
522 3409 556 3450 ac
576 3389 771 3450 sollicitudinis
794 3385 895 3446 finisset
918 3395 1033 3461 propter
1051 3381 1245 3441 incredrldlem
1267 3380 1409 3456 quendum

391 3487 552 3548 rofrauum
572 3503 706 3555 amorem,
719 3480 777 3542 ⁸hio
791 3501 884 3558 aequo
903 3481 1001 3540 animo
1018 3497 1082 3541 esse
1100 3477 1200 3554 pouit,
1211 3476 1282 3535 belli
1294 3476 1411 3534 dissidio

430 3586 579 3645 distractus
599 3580 788 3642 sfratribusl
830 3581 857 3638 6.
877 3578 1000 3638 Nullum
1023 3577 1112 3653 igitir
1123 3575 1219 3642 habes,
1235 3570 1351 3642 Caesar,
1363 3571 1411 3629 od·

431 3684 487 3742 hoc
500 3683 528 3740 in
545 3681 581 3756 Q.
590 3681 707 3757 Ligurio
722 3681 834 3756 signum
846 3677 958 3737 eliense
978 3693 998 3734 a
1010 3683 1039 3732 te
1053 3671 1214 3732 volontatis.
1254 3667 1348 3743 Cujus
1359 3685 1412 3744 ego

404 3811 407 3819 ·
431 3797 555 3849 causam,
581 3775 786 3846 animadverte,
807 3792 922 3850 quaeso,
948 3789 1006 3848 quo
1032 3770 1090 3830 dds
1117 3767 1288 3828 detenshm:
1324 3765 1411 3842 prodo

432 3893 534 3934 meam.
574 3871 806 3932 occassum
834 3867 1031 3928 admirabilem
1057 3874 1144 3940 atque
1168 3863 1297 3923 omnium
1321 3861 1412 3930 mdo,

325 4019 327 4024 .
393 3969 651 4047 repmcdicatione,
675 3964 775 4024 ‘literis
799 3945 1048 4038 monumentisque
1067 3958 1274 4020 decorandum!
1316 3955 1412 4031 Quum

432 4066 476 4124 M.
492 4064 592 4126 Cicero
606 4061 682 4140 apud
695 4071 724 4122 te
737 4058 882 4129 ³delendit,
894 4059 985 4118 edum
998 4059 1030 4114 in
1041 4073 1078 4116 eo
1089 4055 1304 4114 voluntatenou
1318 4053 1411 4123 fuisse,

433 4159 464 4218 in
476 4177 535 4234 qna
547 4177 578 4218 se
591 4159 685 4235 ipsum
699 4156 849 4216 mutetur
862 4151 960 4224 fuisse,
969 4169 1026 4212 uec
1037 4159 1101 4212 tuas
1114 4151 1216 4210 tacitus
1228 4149 1411 4226 cogitarim
