3317 4984
360 530 560 577 amarus
582 532 664 577 suan
683 532 724 575 nr
744 532 884 577 rusam
904 533 944 575 rr
965 532 1127 577 cronnoun
1211 516 1268 577 29⁵

532 789 800 853 EPISTOLA
840 790 987 851 v111.·

423 946 738 1015 (nmnyrrnacmpss.
751 949 1084 1015 ravennense.)

263 1091 315 1150 Μ.
338 1091 505 1155 Tuxxrns
527 1093 558 1155 S.
580 1095 618 1153 D.
638 1093 825 1153 muscas
847 1110 929 1154 suan
950 1112 990 1152 nr
1009 1094 1155 1153 Tmnmr
1176 1110 1216 1152 nr

673 1188 842 1249 (isarnum.

253 1280 442 1413 {Accepi
462 1336 499 1394 ab
520 1334 690 1393 Aristocrito
709 1334 761 1393 tris
782 1334 925 1411 epistolas,
937 1354 1009 1410 quas
1029 1353 1083 1411 ego
1102 1335 1227 1393 lacrimis

208 1434 325 1505 prope·
348 1430 468 1488 delevi.
511 1428 651 1488 Conficior
671 1430 748 1487 enim
767 1448 905 1501 maerore,
924 1448 990 1487 mea
1009 1429 1154 1501 Terentia,
1174 1449 1228 1488 nec

209 1542 301 1581 meac
324 1544 382 1583 mc
407 1526 544 1583 miseriae
564 1527 655 1603 magis
676 1526 843 1585 excruciant
861 1544 948 1601 quam
967 1534 1035 1583 tuae
1047 1535 1227 1601 vestraeque.

212 1618 285 1696 Ego
308 1630 426 1680 autem
445 1622 500 1681 hoc
519 1622 651 1679 miserior
670 1640 734 1679 sum
754 1640 842 1697 quam
861 1630 901 1693 tu,
914 1640 989 1697 quae
1008 1640 1040 1679 es
1059 1621 1227 1691 miserrima,
1290 1656 1297 1669 .

212 1716 297 1793 quod
312 1718 389 1793 ipsa
406 1719 555 1777 calamitas
569 1718 726 1777 communis
740 1727 783 1775 ast
796 1716 945 1793 utriusque
957 1726 1095 1789 nostrum,
1105 1718 1155 1775 sed
1169 1718 1227 1776 cul·
1250 1731 1266 1777 5

215 1832 256 1887 pa
269 1832 346 1872 mea
361 1815 489 1891 propria
502 1823 552 1872 est.
592 1814 694 1872 Meum
708 1812 903 1881 fuitofficium,
912 1814 961 1871 vel
972 1810 1126 1889 ¹iegatione
1135 1813 1227 1871 vitam

215 1909 411 1985 periculum,
420 1910 469 1968 vel
482 1910 630 1987 diligentia
643 1918 673 1967 et
686 1909 774 1987 copiis
787 1910 929 1981 resistere,
937 1908 985 1967 vel
997 1908 1101 1967 eadere
1110 1907 1227 1967 fortiter.

217 2002 304 2063 'Hoc
325 2008 481 2079 miserius,
493 2006 613 2083 turpius,
625 2006 769 2083 indignius
790 2006 871 2063 nobis
891 2004 963 2063 nihil
976 2004 1039 2062 snit.
1080 2004 1107 2062 2.
1130 2003 1228 2079 Quare

218 2120 316 2177 quum
340 2102 449 2163 dolore
470 2104 609 2175 conficior,
622 2112 683 2161 tum
697 2102 784 2161 etiam
804 2102 923 2179 pudore.
963 2102 1061 2161 Pudet
1082 2103 1159 2161 enim
1181 2120 1228 2161 me

221 2199 313 2255 uxori
327 2218 423 2258 meae
433 2200 565 2275 optimae,
573 2198 748 2257 suavissimis
759 2198 856 2256 liberis
866 2198 1002 2256 virtutem
1012 2208 1042 2255 et
1051 2198 1227 2274 diligentiam
1236 2209 1268 2259 10

221 2312 282 2351 non
297 2296 496 2371 praestitisse.
536 2294 614 2353 Nam
628 2294 668 2351 mi
680 2303 747 2353 ante
757 2294 853 2353 oculos
863 2294 924 2353 dies
933 2304 1088 2369 noctesque
1098 2304 1230 2353 versatur

225 2391 354 2465 squalor
368 2401 470 2449 vester
484 2398 513 2448 ct
532 2409 646 2449 maeror
658 2399 688 2449 ct
700 2390 850 2449 infirmitas
864 2390 1036 2449 ralemdinis
1056 2400 1144 2459 tuna3
1163 2409 1228 2467 spos

225 2492 328 2543 autem
345 2486 451 2543 salutis
465 2486 610 2563 pertenuis
623 2486 789 2543 ostenditur.
829 2484 943 2544 Inimici
958 2495 1024 2544 sunt
1037 2487 1128 2558 multi,
1138 2487 1228 2545 invidi

228 2587 339 2657 paene·
352 2600 466 2641 omnes.
507 2581 623 2657 Ejicera
636 2600 688 2639 nos
698 2600 835 2658 magnum
847 2580 910 2653 fuit,
920 2583 1073 2641 excindere
1081 2582 1166 2642 facile
1175 2591 1228 2641 est

230 2674 292 2735 Sed
306 2686 414 2737 tamen
428 2678 564 2755 quamdiu
578 2697 629 2737 vos
644 2678 722 2737 eritis
736 2678 767 2735 in
786 2697 847 2755 spe,
858 2697 917 2737 nou
929 2678 1070 2750 deficiam,
1082 2698 1120 2736 ns
1132 2679 1228 2737 omnia
1237 2692 1267 2740 lt

231 2792 299 2832 mea
312 2774 407 2851 culpa
419 2776 553 2833 cecidisse
568 2775 727 2833 videantur.
767 2774 795 2831 3.
816 2774 859 2833 Ut
872 2784 933 2833 tuto
946 2775 1009 2844 sim,
1018 2775 1094 2849 quod
1107 2775 1228 2845 laboras,

231 2868 261 2927 id
274 2870 351 2929 mihi
364 2888 446 2929 nunc
458 2870 626 2929 facillimum
640 2879 690 2941 est,
701 2888 787 2945 quem
801 2871 888 2929 etiam
900 2870 1007 2929 inimici
1018 2870 1118 2928 volunt
1127 2872 1228 2930 rivers

235 2964 264 3023 in
283 2966 333 3025 his
354 2966 444 3026 tantis
463 2962 621 3024 ⁸miscriiab
662 2965 727 3043 Ego
746 2974 844 3025 tamen
862 2964 975 3037 faciam,
987 2985 1062 3041 quae
1078 2968 1227 3043 praecipis.

235 3060 361 3135 Amicis,
376 3064 480 3138 quibus
499 3062 623 3133 voluisti,
642 3062 689 3139 egi
709 3062 825 3138 gratiss,
843 3068 874 3119 et
892 3080 942 3119 eas
961 3062 1070 3120 litteras
1092 3062 1229 3140 Dexippo

238 3156 313 3229 dedi,
321 3174 431 3233 meque
438 3156 474 3215 de
481 3176 579 3217 eornm
587 3158 680 3217 officio
692 3158 791 3233 scripsi
805 3176 824 3215 a
836 3166 867 3215 te
879 3158 1029 3216 certiorem
1040 3177 1102 3219 esse
1110 3157 1268 3221 factumst

239 3250 381 3313 Pisonem
401 3264 530 3311 nostrum
547 3254 666 3311 mirifico
685 3270 749 3311 esso
761 3250 866 3311 ⁴studio
879 3254 908 3311 in
921 3273 973 3313 nos
986 3265 1015 3312 et
1027 3254 1119 3315 officio
1132 3265 1162 3314 et
1174 3274 1228 3333 ego

241 3350 384 3427 perspicio
397 3360 427 3408 et
439 3368 537 3407 omnes
550 3348 725 3425 praedicant.
764 3345 827 3405 ⁶Dii
840 3348 943 3421 faxint,
955 3360 988 3406 ut
997 3350 1048 3407 tali
1060 3352 1229 3426 generami-

241 3444 270 3503 hi
291 3447 439 3523 praesenti
461 3455 557 3505 tecum
576 3444 662 3505 simul
686 3454 715 3503 et
736 3462 802 3503 cum
822 3445 920 3503 liberis
940 3446 1043 3505 nonnis
1055 3445 1112 3505 frui
1124 3447 1226 3507 limati

243 3540 329 3603 Nunc
343 3562 410 3621 spes
423 3542 535 3618 reliqua
548 3550 591 3601 est
604 3542 633 3599 in
647 3541 730 3599 novis
738 3542 861 3599 tribunis
871 3541 910 3617 pi
921 3551 951 3599 et
960 3543 990 3599 in
1003 3543 1101 3618 primis
1112 3544 1228 3619 quidem

244 3638 363 3710 diebus;
382 3636 492 3699 nam⁸si
502 3638 678 3709 inveterarit,
688 3646 784 3697 actum
798 3647 850 3696 est.
884 3638 912 3695 4.
925 3634 983 3697 'Ea
991 3658 1025 3697 rc
1033 3640 1070 3697 ad
1081 3650 1111 3698 te
1121 3644 1227 3699 statim⁸
1235 3654 1267 3703 tt

246 3734 447 3797 Aristocritum
460 3736 533 3809 misi,
547 3744 578 3794 ut
591 3735 628 3793 ad
641 3752 688 3793 me
701 3734 835 3793 continuo
847 3735 931 3795 initia
941 3755 1037 3795 rerum
1050 3739 1228 3797 strationem

277 3898 344 3949 *Ad
355 3898 427 3949 Fam.
440 3898 515 3948 XIV.
527 3902 550 3947 8.

278 3976 370 4030 Erras.
387 3978 464 4029 vm.
497 3978 581 4027 'Dian
593 3978 640 4029 bct.
653 3996 735 4044 pom,
749 3996 828 4047 prope,
838 3980 899 4045 sere,
911 3980 1047 4045 andfmns.
1079 3978 1114 4028 V.
1127 3978 1231 4031 Caes.1.
1245 3982 1268 4039 1,

249 4070 271 4105 n.
283 4058 445 4109 itt-*Dirc
455 4058 504 4107 bet.
516 4056 673 4123 insortmtt'um,
683 4056 812 4117 colamitm
823 4056 955 4122 infelicitas,
972 4058 1131 4108 andnimais.
1163 4056 1195 4107 V.
1206 4072 1229 4107 n.
1242 4060 1267 4105 8.

251 4137 364 4190 -'Ditt
377 4136 671 4203 hemmawic&
703 4134 986 4199 V.Cses.11.ll,n.8.

556 4214 621 4273 13·
