3317 4984
399 552 457 612 840
842 558 962 606 ORATIO

439 736 566 786 mortuus
586 724 665 784 inuni
689 720 859 800 cogitatione
885 717 1044 797 percussit?
1092 716 1193 796 Quid?
1221 722 1246 781 si
1273 722 1335 801 ipae
1364 722 1417 785 On.

440 824 604 899 Pompeius,
618 822 667 897 qui
680 837 717 879 en
730 820 835 875 virtute
855 836 889 875 uo
908 816 1023 875 fortuna
1036 826 1088 889 est,
1101 826 1136 875 nt
1145 814 1192 876 ’ea
1205 821 1333 895 potuerit
1344 838 1417 879 sem·

439 936 500 996 per,
519 936 594 994 quae
615 934 699 975 nemo
723 922 837 991 praeter
857 911 944 983 illum,
964 912 988 969 si
1008 912 1042 984 is,
1060 912 1184 989 iuquam,
1207 915 1348 991 pumissst
1367 928 1416 975 aut

439 1015 632 1091 quaestionem
653 1012 689 1071 ds
709 1019 801 1068 murts
819 1007 855 1065 P.
872 1006 963 1067 Clodii
983 1007 1058 1066 ferre
1076 1018 1131 1067 sut
1147 1010 1241 1085 ipsum
1260 1012 1301 1069 ab
1319 1011 1416 1071 inieris

417 1112 577 1181 semitam,
596 1105 713 1166 muuum
733 1104 839 1182 puratis
859 1104 959 1179 potius.
975 1102 1116 1162 fumorum
1136 1104 1244 1165 fuisso?
1293 1106 1416 1167 ΕΜ

437 1204 576 1282 upropter
584 1203 736 1262 amicitiam
749 1200 839 1259 vellet
851 1199 932 1257 ilium
940 1200 977 1256 ab
985 1198 1085 1259 inieris
1092 1216 1219 1271 evounre,
1228 1212 1416 1279 proptarrsm

438 1302 581 1380 publiuum
603 1318 661 1357 non
681 1298 804 1357 fecisset.
852 1294 926 1371 Ejus
947 1294 1035 1372 igitur
1055 1296 1154 1355 mortis
1174 1298 1279 1357 sedetis
1301 1299 1416 1373 ultores

437 1398 519 1474 eujus
538 1398 627 1456 vitum
647 1396 671 1454 si
691 1393 796 1471 putetis
815 1410 868 1468 per
887 1410 938 1450 vus
958 1392 1068 1451 restitui
1087 1410 1178 1469 posse,
1198 1395 1309 1464 nolitis3
1329 1406 1361 1455 et
1379 1398 1415 1456 de

438 1493 500 1570 ejus
513 1512 583 1553 neus
595 1494 654 1551 latu
667 1490 795 1568 quaestio
808 1497 861 1561 est,
874 1488 924 1565 qui
937 1487 961 1545 si
974 1488 1074 1546 eudem
1087 1488 1152 1565 lege
1165 1490 1339 1551 revivisoere
1353 1512 1415 1569 pus-

400 1602 433 1651 lo
439 1598 492 1663 set,
503 1588 564 1647 lata
574 1589 624 1647 lex
637 1604 783 1663 nunquam
795 1594 880 1646 esset.
921 1582 1018 1658 Hujus
1030 1600 1100 1660 ergo
1118 1584 1279 1645 interfector
1331 1596 1415 1659 emet,

437 1686 468 1744 in
494 1686 652 1745 eonfitendo
674 1686 712 1743 ab
733 1684 805 1741 iisns
828 1696 949 1758 poenam
972 1680 1095 1751 timeret,
1119 1698 1191 1755 quos
1213 1680 1414 1743 humone?

309 1762 312 1768 ¹
438 1782 487 1841 80.
509 1780 613 1841 Graeci
634 1782 763 1838 homines
783 1780 901 1837 deorum
921 1778 1042 1835 honorus
1062 1777 1190 1835 tribuunt
1208 1778 1244 1836 iis
1264 1778 1345 1851 viria,
1364 1782 1413 1857 qui

437 1886 574 1955 tyrannus
587 1885 768 1937 neussenmt.
808 1874 891 1949 Quas
904 1890 959 1951 ego
972 1874 1032 1931 vidi
1045 1872 1193 1933 Athenis?
1212 1892 1289 1951 quas
1308 1874 1372 1935 aliis
1384 1879 1413 1935 in

437 1975 554 2033 urbibus
575 1972 739 2033 Gruesiasi
758 1988 829 2049 quus
849 1990 896 2031 res
916 1966 1027 2031 diuinas
1048 1970 1151 2029 talibus
1165 1971 1309 2031 institutus
1324 1970 1413 2031 viris?

400 2084 511 2147 requos
529 2068 651 2129 sununs?
670 2087 745 2145 qnae
764 2067 912 2128 sumina?
949 2064 1069 2145 1¹Prope
1088 2068 1126 2127 ad
1145 2069 1366 2129 immortulitatis
1383 2078 1413 2127 et

437 2168 603 2244 religionem
622 2174 653 2225 et
672 2166 838 2225 memorium
858 2176 1065 2225 eonsecrantur.
1105 2164 1166 2225 Vos
1178 2169 1252 2225 tanti
1263 2184 1413 2227 eunservs·

438 2272 530 2323 torem
556 2264 663 2340 populi,
686 2264 759 2321 tanti
785 2262 900 2322 soeleris
927 2262 1047 2321 ultorem
1070 2280 1127 2323 non
1153 2264 1238 2322 modo
1261 2264 1414 2323 bonoribus

436 2360 523 2418 nullis
549 2360 683 2430 afficietis,
708 2360 759 2418 sed
785 2359 872 2418 etium
899 2360 935 2419 ad
961 2360 1130 2436 supplicium
1156 2362 1219 2438 rupi
1242 2358 1414 2437 patiemini?

438 2454 635 2526 confiteretur,
648 2457 837 2528 eonfiteretur,
851 2456 976 2533 inquam,
996 2456 1021 2514 si
1040 2455 1160 2529 fecisset,
1180 2466 1210 2517 et
1229 2476 1335 2535 magno
1354 2458 1414 2516 ani·

397 2564 486 2613 aomo
512 2562 541 2611 et
565 2552 682 2624 libente,
708 2552 809 2611 senisse
835 2572 867 2612 se
892 2553 1031 2613 libertatis
1053 2555 1180 2613 omnium
1203 2572 1308 2623 uuum
1337 2554 1414 2630 quod

437 2659 513 2708 esset
538 2650 566 2708 ei
591 2668 647 2708 non
673 2650 863 2709 eonfitendum
889 2651 981 2723 modo,
1009 2669 1108 2711 venun
1135 2650 1222 2712 stium
1247 2652 1413 2729 praedium·

436 2746 513 2803 dum.

477 2840 583 2900 XXX.
623 2843 670 2901 81.
691 2842 817 2915 Etenim,
837 2842 861 2902 si
874 2840 914 2902 ¹id
934 2860 991 2902 non
1011 2852 1105 2923 negat,
1119 2862 1157 2904 ex
1177 2862 1235 2921 quo
1248 2843 1320 2901 nihii
1335 2842 1412 2920 petit,

437 2938 492 2996 nisi
512 2948 545 2996 ut
565 2928 891 3015 ignoscatur,‘dubiuret
904 2937 945 2998 'id
958 2940 1050 3010 fateri,
1064 2959 1103 2999 ex
1115 2960 1173 3016 quo
1185 2940 1271 2998 stiam
1286 2938 1413 3017 praemia

396 3044 430 3093 tt
438 3032 529 3091 leudis
541 3044 636 3092 essent
649 3031 791 3110 petenda?
818 3036 873 3093 nisi
892 3053 961 3094 vero
973 3032 1080 3113 gratius
1094 3044 1175 3113 putat
1188 3054 1250 3094 esse
1265 3037 1356 3106 vobis,
1369 3035 1412 3093 sui

437 3147 468 3187 se
488 3130 590 3205 eapitis
610 3146 695 3204 quum
716 3131 803 3188 vestri
823 3129 1001 3190 defensorem
1015 3132 1120 3199 fuisse3
1141 3150 1229 3207 quum
1243 3130 1410 3207 praesertim
1537 3154 1538 3184 ι

436 3224 467 3282 in
480 3242 516 3283 eu
528 3224 710 3296 oonfessione,
724 3226 749 3283 si
769 3226 844 3302 grati
864 3244 925 3286 esse
945 3227 1063 3299 vellatis,
1077 3228 1200 3286 honorus
1211 3236 1411 3303 assequeretur

436 3320 632 3396 amplissimos
678 3319 711 3379 Si
730 3320 836 3380 susurru
856 3322 939 3381 vobis
957 3338 1014 3381 non
1033 3324 1200 3399 probaretur
1220 3320 1410 3401 (quamquem

436 3416 485 3491 qui
505 3424 617 3491 poterat
636 3416 712 3475 salus
731 3436 784 3476 sus
803 3418 937 3493 cuiquam
955 3436 1010 3477 non
1031 3418 1144 3494 probari
1155 3417 1192 3494 ?)‚
1211 3419 1262 3476 sed
1277 3416 1409 3477 tamensi

396 3513 530 3571 eominus
539 3510 684 3569 fortissimi
693 3514 748 3570 viri
758 3514 850 3572 urus
863 3514 971 3573 nivibus
981 3524 1062 3591 gratu
1071 3514 1224 3584 oeeidisset,
1235 3530 1341 3591 magno
1350 3512 1409 3571 sni-

436 3624 484 3665 mo
496 3608 691 3684 constantique
704 3608 818 3668 eederut
831 3628 869 3667 ex
882 3610 993 3687 ingrutu
1006 3610 1127 3669 civitate
1161 3610 1239 3668 Nam
1252 3611 1322 3685 quid
1335 3616 1408 3667 esset

435 3702 581 3777 ingratius,
600 3720 686 3777 quam
705 3704 806 3763 lusturi
826 3712 943 3775 osterse,
963 3704 1060 3781 bigone
1080 3722 1147 3764 eum
1170 3706 1270 3774 solum,
1293 3714 1409 3781 propter

434 3814 522 3873 quem
535 3799 622 3856 ueteri
635 3797 828 3858 laetarentur?
861 3800 907 3858 82.
930 3798 1109 3875 Quamquam
1122 3800 1175 3859 boe
1188 3800 1283 3858 unimo
1297 3816 1409 3875 semper

434 3910 537 3952 omnes
553 3893 658 3952 furimus
677 3896 707 3953 in
727 3897 835 3973 patriae
855 3894 1044 3972 proditoribus
1063 3896 1264 3973 opprimendis,
1287 3906 1326 3963 ut,
1341 3912 1408 3971 quo·
1533 3940 1534 3961 ,

395 4000 428 4049 tt
437 3989 514 4046 niam
528 3998 625 4047 nostra
637 3990 732 4049 futuru
745 3998 819 4049 esset
830 3990 929 4067 gloria,
939 3992 1096 4069 periculum
1106 4008 1218 4067 quoque
1231 4002 1261 4049 et
1271 3991 1407 4049 invirfirrn

435 4092 562 4142 nostrum
588 4096 760 4160 putaremus.
809 4085 887 4144 Nam
911 4104 985 4163 quas
1008 4086 1077 4145 mihi
1101 4087 1155 4164 ipsi
1177 4086 1327 4145 tribuenda
1349 4086 1408 4143 iaus

433 4190 517 4252 esset,
540 4200 629 4256 quum
641 4186 761 4239 'tantum
780 4181 811 4239 in
830 4182 978 4242 consulatu
1000 4198 1064 4243 meo
1083 4182 1136 4261 pro
1155 4184 1236 4241 vobin
1255 4200 1291 4243 au
1310 4182 1408 4242 liber'm
