3317 4984
361 483 416 542 182
620 531 625 542 .
699 503 728 546 o.
748 503 915 552 annuam
935 505 1040 550 cantu
1507 157 1531 624 l

397 663 497 722 virtuti
511 674 624 724 vestrae
637 662 752 724 tortum
760 665 905 738 inviderit,
911 663 1036 728 ”avete
1044 667 1128 728 inulti
1137 668 1277 728 animam
1286 667 1404 724 amitte·
1530 682 1531 686 ’

396 759 442 832 tis,
455 778 511 818 neu
531 761 608 836 eapti
629 760 722 837 potine
740 761 822 820 aienti
837 779 942 838 peoora
955 763 1145 834 trucidemini,
1156 783 1255 840 quam
1271 762 1405 822 virorum

396 873 476 916 more
489 865 649 934 pugnantes
663 865 812 916 cruentam
825 866 913 933 atque
926 858 1085 918 luetuoeam
1094 860 1255 920 victoriam
1269 858 1406 918 noenum

397 949 590 1025 relinquatis-22

371 1059 386 1105 5
405 1079 410 1092 ·
437 1044 522 1104 LIX.
564 1045 648 1106 Haec
658 1047 707 1106 ubi
717 1047 800 1120 dixit,
809 1048 970 1125 paullulum
979 1060 1169 1110 eummoretus
1179 1049 1287 1129 ¹signa
1295 1069 1405 1110 eanete

391 1140 484 1218 jubet,
492 1151 579 1217 atque
589 1143 742 1202 instructos
751 1143 867 1203 ordinet
877 1145 908 1204 in
917 1145 1012 1204 Mum
1020 1165 1146 1223 eequum
1153 1149 1289 1207 deducit.
1314 1146 1405 1215 Dein,

396 1235 524 1298 'remotis
536 1239 663 1298 emnium
677 1239 768 1315 equis,
781 1259 839 1316 qun
851 1241 998 1314 militibus,
1011 1254 1174 1320 exaequato
1186 1243 1339 1322 peniculo,
1352 1263 1405 1302 an·

397 1334 470 1394 imus
491 1334 613 1410 amplior
633 1343 717 1407 esset,
738 1335 800 1411 ipse
822 1332 922 1413 'pedes
945 1339 1107 1398 exereitum
1128 1338 1192 1416 *pro
1213 1341 1287 1399 loeo
1310 1349 1403 1415 atque

397 1431 486 1506 eopiiu
498 1430 620 1490 instruit.
661 1431 748 1504 Nam,
761 1433 803 1491 uti
816 1434 950 1511 planities
962 1447 1025 1495 emt
1037 1433 1124 1495 ³iuter
1132 1437 1271 1496 sinistros
1283 1447 1403 1494 montes

360 1537 427 1586 teet
446 1527 483 1585 ab
503 1527 607 1586 dextra
626 1533 712 1604 rupe·
731 1547 843 1606 aspera,
854 1542 920 1591 octo
933 1533 1063 1592 cohortes
1075 1534 1107 1591 in
1124 1533 1218 1592 fronte
1233 1533 1403 1600 constituit,

397 1623 573 1700 reliquorum
592 1619 686 1702 lsigna
698 1625 730 1684 in
743 1627 871 1687 subsidio
883 1630 973 1688 artius
986 1630 1113 1688 eolloeat.
1153 1625 1214 1688 'Ab
1228 1631 1281 1690 his
1295 1639 1402 1688 oentn·

397 1719 500 1790 rienes,
526 1719 618 1778 omnis
645 1719 755 1792 leetue,b
782 1733 812 1783 et
837 1736 980 1800 evoeatoe,
1009 1735 1158 1802 praeterea
1180 1745 1220 1784 ex
1248 1725 1401 1803 gnegariie

396 1818 534 1878 militibus
554 1828 702 1896 optumum
722 1839 865 1898 quemque
877 1833 1020 1882 armatum
1033 1825 1064 1882 in
1076 1824 1199 1901 primam
1212 1826 1316 1884 aciem
1330 1825 1399 1883 enb-

396 1913 482 1972 ducit.
525 1911 558 1974 C.
579 1914 723 1974 Manlium
736 1917 767 1974 in
779 1916 891 1989 dextm,
906 1917 1102 1978 Faesulanum
1122 1920 1282 1994 quemdam
1302 1919 1336 1978 in
1359 1920 1397 1979 ei·

360 2008 490 2072 lsnietm
502 2019 583 2086 parte
594 2029 695 2072 curare
706 2010 808 2088 jubet:
821 2013 884 2090 ipse
896 2033 963 2073 eum
976 2015 1086 2074 libertis
1099 2027 1129 2074 et
1137 2011 1258 2075 'unionis
1267 2024 1395 2094 propter

397 2105 524 2182 aquilam
536 2107 655 2180 edeistit,
669 2125 756 2183 quam
776 2108 854 2168 bello
868 2107 1013 2170 (imbrieo
1027 2109 1061 2170 C.
1081 2110 1194 2170 Matius
1207 2112 1239 2170 in
1253 2113 1395 2172 exercitu

397 2202 529 2262 mbmsse
543 2203 699 2262 dieebatnr.
739 2203 783 2262 At
796 2222 836 2264 ex
845 2204 936 2264 altera
946 2214 1028 2282 parte
1040 2205 1075 2266 C.
1085 2206 1239 2278 Antonius,
1253 2207 1394 2283 pedibua⁶

395 2317 491 2376 aeger,
504 2299 581 2375 quod
601 2299 710 2376 praelio
723 2299 824 2358 edesse
837 2301 983 2376 nequibat,
996 2301 1041 2359 M.
1056 2301 1174 2361 Petreio
1187 2303 1286 2379 legato
1299 2319 1392 2362 exer·

396 2397 486 2456 eitum
499 2396 646 2472 permittit.
686 2395 741 2454 Ille
754 2396 885 2455 eohortee
893 2406 1052 2469 veteranus,
1061 2417 1134 2473 quae
1144 2395 1273 2456 tumultid
1282 2417 1392 2460 musea

356 2491 611 2568 aomnseripserat,
631 2491 661 2548 in
681 2489 782 2562 fronte,
801 2501 866 2567 poet
888 2509 938 2550 eas
959 2501 1087 2551 ceterum
1100 2493 1261 2552 exereitum
1274 2493 1306 2552 in
1321 2496 1391 2552 eub-

395 2589 475 2648 eidiie
495 2588 584 2648 locat:
612 2587 675 2664 ipse
696 2605 769 2662 equo
788 2587 958 2646 circumiens
978 2607 1209 2666 unumquemque
1230 2590 1388 2650 nominans

394 2685 529 2764 appellet,
538 2684 676 2754 hortatur,
687 2691 778 2760 rogat,
788 2691 820 2740 ut
829 2683 1013 2746 meminerint
1022 2703 1054 2744 ee
1064 2695 1162 2744 eontra
1172 2686 1297 2746 latrones
1307 2687 1388 2745 iner-

394 2801 456 2842 mee
475 2802 528 2860 pm
548 2782 650 2860 peuia,
670 2798 722 2856 pro
742 2777 848 2850 liberie
861 2797 914 2855 pm
933 2781 993 2838 aria
1006 2789 1092 2856 atque
1106 2781 1175 2841 socia
1187 2782 1247 2841 auia
1260 2793 1384 2842 eertaoe.

393 2874 502 2938 'Homo
521 2878 661 2947 militaris,
675 2875 752 2952 quod
771 2874 897 2950 amplius
917 2882 1018 2934 annos⁹
1039 2877 1156 2953 triginta
1175 2879 1318 2950 tribunus,
1330 2890 1384 2938 ant

355 2986 386 3034 ²⁶
394 2971 563 3050 pmeseetus,
577 2983 627 3030 aut
647 2972 767 3047 legatus,
781 2977 833 3028 aut
845 2981 961 3046 praeter
975 2990 1041 3030 eum
1053 2991 1159 3048 magna
1176 2973 1271 3050 gloria
1283 2974 1315 3032 in
1328 2993 1383 3034 ex·

393 3067 483 3126 emitu
497 3065 599 3138 luerat,
612 3065 765 3142 plerosque
778 3060 875 3141 ¹⁰ipaoe
889 3063 1020 3140 factaque
1033 3085 1133 3126 eorum
1145 3065 1229 3126 fortia
1242 3079 1380 3128 noverat:

392 3181 428 3222 ea
440 3163 687 3224 commemorando
700 3163 823 3220 militum
837 3161 947 3220 animos
960 3163 1144 3220 eeeendebat.

433 3258 500 3320 LX.
542 3258 672 3331 Seduni,
686 3258 818 3317 omnibus
835 3257 1002 3334 exploratis,
1023 3258 1159 3318 Petreius
1176 3261 1246 3318 tuba
1264 3261 1379 3338 eignum

391 3355 449 3428 dat,
472 3356 602 3414 eohortes
623 3355 774 3432 paullatim
795 3355 928 3414 incedere
947 3353 1048 3430 jubet:
1067 3355 1145 3414 idem
1166 3354 1234 3414 feeit
1253 3356 1378 3416 hosfium

353 3462 385 3512 tu
393 3451 544 3510 exereitus.
585 3448 744 3524 Postquam
757 3467 792 3508 eo
806 3459 924 3507 ventum
938 3459 990 3518 est,
999 3449 1076 3508 unde
1089 3449 1282 3510 afereutariie
1294 3470 1377 3529 prae-

391 3547 462 3606 lium
482 3547 619 3606 eommitti
642 3553 746 3622 posset,
769 3563 906 3604 maxumo
928 3545 1053 3604 elamore
1076 3563 1143 3603 eum
1163 3546 1276 3605 inseetis
1286 3549 1377 3624 signia

391 3651 569 3715 eoneurrunt,
582 3642 641 3719 pila
653 3642 795 3712 omittunt,
809 3641 910 3718 gladiis
924 3659 971 3700 res
984 3643 1102 3717 geritur.
1143 3641 1292 3717 Veterani,
1305 3647 1378 3721 prie-

390 3739 467 3797 tinee
491 3737 604 3796 virtutis
627 3753 776 3805 memores,
800 3735 927 3794 eominus
948 3738 1053 3795 uenter
1073 3737 1198 3797 instare:
1219 3735 1272 3796 ¹ilii
1299 3740 1376 3798 hand

384 3954 542 4010 Edam
575 3955 1063 4018 ⁸414ea-·aea.-·eea.-¹117,
1074 3960 1225 4016 adm„
1241 3959 1297 4018 m,
1307 3962 1332 4007 ἃ

384 4035 623 4094 &hes-ux·
656 4036 730 4097 ⁸2⁴⁷»
743 4039 767 4096 l,
779 4034 1070 4099 (ll-bmss-Ww,
1087 4037 1371 4102 l,-²80‚2-⁸ffi,

353 4119 481 4182 R.6‚(a).
