3317 4984
433 526 490 589 ast
757 540 936 585 urrsrooss
957 542 1141 599 orouuorus

469 702 540 762 mibi
564 700 738 763 ‘Canusinus
759 711 825 762 tuus
851 703 955 779 hospes
981 702 1126 772 reddidit3
1155 703 1285 775 tertiam,
1311 722 1412 780 quan,
1435 719 1467 767 ut

470 800 577 874 scribis,
590 798 707 859 ⁸auooru
720 798 820 872 soluta,
829 800 866 859 de
879 800 998 877 phaselo
1009 800 1131 859 dedistis
1149 818 1231 876 quae
1238 799 1361 859 fuerunt
1369 822 1468 863 me

469 892 634 956 ‘rhetor-um.
677 894 758 955 Pure
779 894 944 971 loquuntur,
957 914 1047 973 quum
1060 897 1251 956 humanitatis
1263 916 1387 974 sparsae
1401 901 1467 971 sale,

469 1002 531 1050 tum
544 993 671 1069 insigues
684 992 789 1051 amoris
802 992 885 1050 uotis
926 990 1038 1067 Quibus
1051 992 1181 1068 epistolis
1190 1012 1258 1051 sum
1267 995 1407 1069 equidem
1417 997 1467 1055 abs

444 1100 498 1149 ote
521 1088 668 1149 lacessitus
692 1088 729 1147 sd
750 1088 949 1157 scribendum
969 1088 1021 1147 sed
1041 1088 1149 1149 idoiroo
1169 1108 1236 1148 sum
1255 1090 1379 1163 tardior,
1391 1094 1465 1167 (μή

387 1171 392 1180 ’
469 1204 526 1245 nou
534 1180 793 1243 invonio¹fidelem⁸
801 1184 989 1242 tabellarium.
1028 1180 1465 1263 ‘Quotuseoim’quisque'Q

469 1282 520 1359 qui
541 1282 688 1359 epistolam
708 1280 805 1357 paullo
824 1280 987 1357 graviorem
1000 1278 1078 1339 fene
1097 1282 1196 1358 possit,
1209 1284 1266 1342 uisi
1280 1302 1350 1341 eam
1361 1284 1464 1360 pdlao

466 1370 546 1437 'tione
566 1374 725 1435 tolerarit?
774 1372 918 1435 ¹⁰Aooedit
936 1394 980 1447 eo,
1003 1376 1081 1452 quod
1099 1378 1171 1437 mihi
1191 1398 1250 1437 nou
1271 1380 1397 1456 perinde
1416 1392 1463 1452 est,

470 1474 643 1551 utquisque
663 1472 692 1529 in
713 1470 838 1549 Epirum
856 1471 1053 1548 proficiscitur.
1094 1472 1161 1550 Ego
1179 1475 1261 1532 euim
1281 1486 1312 1533 to
1332 1476 1462 1546 arbitror,

432 1582 462 1629 1⁰
470 1570 561 1629 eaesis
585 1569 662 1645 apud
687 1564 895 1626 ”Amaltheam
917 1576 998 1625 tuam
1020 1564 1173 1641 ”viotisuis¹
1195 1568 1295 1628 statim
1319 1588 1386 1629 esse
1408 1568 1462 1629 ”su

470 1664 623 1744 Sicyonem
643 1664 867 1741 oppugnandum
882 1662 1049 1740 proiectum.
1090 1665 1196 1742 Neque
1210 1676 1310 1725 tamen
1324 1668 1357 1725 id
1369 1668 1462 1744 ipsum

469 1774 579 1824 certum
598 1762 699 1833 habeo,
713 1762 828 1837 quaudo
848 1761 886 1820 ad
899 1761 1058 1821 Antonium
1079 1764 1271 1839 pmfioisoare
1284 1774 1337 1823 aut
1349 1765 1422 1839 quid
1433 1766 1462 1822 ir

469 1860 562 1939 Epiro
575 1859 710 1937 temporis
723 1856 843 1935 1‘prorsus
883 1858 931 1917 Ita
943 1876 1038 1934 neque
1047 1858 1183 1919 Achaicis
1193 1861 1360 1919 homiuibus
1369 1878 1462 1937 oeque

470 1958 624 2037 Epiroticis
647 1956 744 2035 paullo
771 1958 918 2016 liberiores
945 1957 1056 2017 litteras
1083 1960 1261 2018 oommittere
1288 1960 1392 2020 audeo.
1434 1961 1459 2017 2.

432 2070 462 2117 lo
472 2055 546 2117 Sunt
559 2064 656 2115 sutem
669 2062 733 2132 post
753 2054 911 2113 diaeessrrm
924 2072 943 2113 a
954 2072 1002 2113 me
1014 2063 1096 2113 tuum
1105 2072 1152 2114 rss
1165 2056 1272 2133 dignae
1281 2056 1387 2115 litteris
1397 2076 1460 2115 uos-

469 2155 529 2226 tris,
549 2152 600 2213 sed
620 2170 676 2212 nou
697 2152 916 2211 oommittendae
929 2150 1069 2227 ejusmodi
1082 2153 1219 2229 periculo,
1231 2162 1265 2211 ut
1278 2162 1332 2211 aut
1344 2154 1459 2212 interire

469 2260 519 2309 aut
538 2249 644 2327 aperiri
665 2258 716 2307 aut
736 2248 868 2325 intercipi
887 2249 1005 2324 possint.
1045 2247 1178 2307 Primum
1195 2250 1289 2326 igitur
1300 2250 1374 2309 scito
1385 2247 1460 2326 “psi-

469 2364 549 2403 mum
569 2362 616 2404 mo
636 2363 692 2403 uon
707 2362 770 2403 esse
791 2352 925 2421 rogatum
938 2345 1116 2415 seutentiam,
1130 2346 1385 2422 praeposimmque
1398 2364 1458 2404 esse

468 2442 549 2501 nobis
572 2437 804 2517 ¹⁸pacificatorem
818 2440 1018 2517 Allobrogum,
1035 2440 1121 2517 idque
1141 2437 1400 2501 ”admurmurante
1417 2461 1458 2501 ss·
1537 2491 1538 2512 ,

429 2546 537 2599 sonata
558 2556 652 2615 neque
672 2556 719 2597 mo
739 2536 829 2595 invito
849 2554 913 2595 esse
932 2534 1049 2595 iuomru.
1089 2534 1162 2597 Sum
1179 2538 1257 2595 euim
1270 2538 1354 2597 stab
1367 2540 1458 2597 obser·
1537 2515 1538 2530 ἵ

469 2636 563 2694 vando
576 2634 691 2693 homine
704 2652 842 2700 oerserso
854 2632 929 2691 liber
940 2642 971 2691 et
982 2628 1042 2691 ”au
1053 2633 1223 2709 (lignitatem
1241 2634 1273 2691 iu
1294 2652 1329 2693 rs
1349 2635 1457 2711 publiea

467 2731 648 2791 retinendam
668 2740 767 2789 ooutra
783 2728 860 2787 illius
876 2726 1052 2787 voluntatem
1064 2728 1192 2796 solutus;
1211 2736 1244 2787 et
1255 2728 1307 2787 ills
1320 2730 1456 2787 mum

468 2829 498 2886 iu
511 2828 633 2887 dicendo
645 2826 723 2886 loous
737 2826 824 2885 babet
838 2822 1039 2883 auctoritatem
1058 2840 1152 2900 paene
1163 2823 1304 2901 pr'mdpis
1318 2832 1349 2882 at
1362 2823 1456 2883 voluu-

467 2904 556 2981 tatem
580 2940 637 2982 nou
660 2922 744 2981 nimis
768 2920 932 2979 devinctam
952 2918 1091 2977 benetido
1109 2918 1242 2977 oonsutis
1281 2916 1402 2977 Tertius
1417 2930 1455 2979 est

429 3032 460 3079 25
470 3016 599 3091 Catulus,
619 3030 737 3095 quartus
754 3018 792 3097 (ai
814 3018 901 3077 etiam
914 3016 970 3075 boo
982 3015 1112 3095 quaeris)
1126 3014 1310 3075 Hortensius.
1353 3014 1455 3075 Consul
1536 3023 1537 3082 ξ

468 3124 565 3174 autem
585 3116 646 3193 ipse
666 3134 757 3193 parvo
770 3116 867 3174 animo
881 3122 911 3172 st
932 3130 1031 3189 pravo,
1050 3118 1162 3169 uotum
1180 3110 1336 3169 ossillator
1355 3130 1455 3189 genere
1536 3105 1537 3136 ¹

468 3210 517 3269 illo
530 3230 649 3283 moroso,
663 3213 739 3287 quod
753 3212 840 3271 etiam
853 3210 916 3269 sius
931 3204 1114 3267 ”diosuute
1128 3206 1245 3277 ridetur,
1258 3203 1357 3267 ”faeie
1370 3209 1453 3284 magis

469 3326 555 3382 quam
575 3306 685 3368 fauetiis
706 3308 850 3380 ridioulus,
862 3304 956 3365 ¹¹uilril
968 3324 988 3365 a
1000 3323 1072 3382 gens
1084 3322 1150 3363 oum
1163 3322 1195 3362 re
1208 3304 1336 3381 publiea,
1350 3303 1454 3379 sejuuo

468 3412 514 3461 tus
527 3405 564 3461 ab
577 3405 768 3481 optimatibus,
782 3423 800 3463 a
814 3422 874 3479 quo
886 3403 959 3461 nibil
979 3419 1078 3479 aporos
1097 3401 1166 3459 boui
1178 3402 1222 3459 rei
1235 3402 1379 3477 publiose,
1391 3401 1454 3477 quis

429 3509 527 3559 tonou
542 3498 620 3565 vult;
641 3498 712 3556 nihil
734 3496 877 3577 [metuas]
892 3498 971 3571 mali,
983 3498 1054 3574 quia
1064 3514 1124 3555 nou
1137 3496 1233 3555 sudet.
1273 3496 1350 3571 Ejus
1362 3507 1453 3555 sulm

468 3592 578 3669 oollega
591 3602 621 3652 et
633 3594 663 3651 in
677 3612 723 3653 me
738 3594 962 3671 perhonorificus
976 3603 1006 3652 et
1019 3594 1143 3670 partium
1157 3592 1301 3651 studiosus
1314 3610 1351 3651 ao
1362 3592 1453 3650 deleu-

468 3708 516 3748 sor
529 3690 678 3749 bonarum.
722 3690 799 3766 Quin
820 3710 897 3750 nuno
909 3690 1014 3749 leviter
1026 3690 1147 3749 iuterss
1160 3688 1309 3748 dissident.
1350 3688 1380 3747 8.
1399 3688 1452 3749 Sed

468 3804 580 3859 vereor,
599 3784 657 3845 ”ue
677 3788 740 3861 hoo,
759 3790 835 3865 quod
854 3786 991 3847 infectum
1011 3794 1064 3855 ast,
1083 3794 1182 3862 serpat
1199 3785 1323 3862 tongins
1366 3782 1450 3844 Oreos

459 3938 553 3987 Erras.
570 3938 620 3989 111.
653 3936 737 3987 ·Dut.
749 3936 796 3985 bot
806 3934 978 4001 fidas,fidalis,
989 3932 1086 4001 infidas,
1095 3932 1206 3997 iistidelt'a,
1219 3934 1334 3999 perfidus,
1345 3934 1395 3983 aud
1405 3950 1449 3999 ρσ·

421 4016 530 4080 fidium.
555 4016 589 4065 V.
602 4032 626 4066 u.
640 4016 718 4066 ⁷.-⁵
727 4014 793 4065 Dist.
810 4014 857 4063 bst
869 4015 969 4078 qouque,
980 4014 1064 4079 quivis,
1075 4010 1173 4077 ooliba,
1183 4014 1342 4078 urusouiaque,
1355 4013 1402 4061 aod
1411 4012 1448 4059 sle

424 4094 481 4161 mut.
507 4096 540 4145 V.
557 4112 580 4147 u
600 4100 622 4147 9.
633 4094 752 4144 -·Dtst.
772 4094 820 4145 bet
836 4093 902 4156 ab,
917 4092 1043 4154 oouillatio,
1060 4092 1181 4153 dicacitas,
1197 4091 1266 4157 lepos,
1284 4095 1335 4143 and
1347 4092 1446 4161 suediae

429 4174 463 4225 V.
475 4190 500 4226 u.
515 4180 552 4226 ts.
