3317 4984
496 505 560 551 eno
580 507 608 549 r.
628 505 731 552 usuro
750 506 884 565 more,
905 507 975 552 cnr.
994 509 1041 551 ιι.
1218 491 1275 552 823

259 668 353 728 larum
365 683 576 744 puerorumque
595 667 737 728 eomitntn.
777 669 826 728 29.
847 667 898 728 Fit
916 669 1030 728 obviem
1052 667 1152 728 Clodio
1171 677 1237 728 ente

259 765 378 822 fundum
392 763 454 839 ejus
474 760 556 823 ⁸horu
567 763 629 824 fere
643 765 793 824 undecima
805 775 926 824 autnon
939 766 1028 824 multo
1042 783 1131 826 secus·
1174 763 1238 826 Ste-

259 862 312 920 tim
331 860 490 938 complures
511 879 577 920 oum
597 861 661 920 telis
680 861 711 920 in
731 861 808 920 huno
826 860 935 921 feoiunt
954 862 991 920 de
1010 863 1072 922 looo
1092 861 1238 940 superiore

259 959 415 1035 impetum:
434 953 744 1016 ’edvereirbednrium
762 958 903 1018 oeeidunt.
955 956 1051 1032 Quum
1072 969 1169 1018 nutem
1190 959 1237 1019 hie

259 1053 297 1111 de
309 1052 407 1122 rhedo,
419 1051 528 1127 rejecto
541 1051 673 1128 poenulo
685 1053 847 1112 desiluisset
858 1071 947 1129 seque
960 1054 1019 1112 sori
1033 1056 1128 1113 animo
1141 1053 1238 1114 deien-
1260 1065 1277 1114 b

259 1148 350 1220 deret,
363 1147 412 1219 illi,
425 1148 476 1223 qui
488 1156 570 1206 erunt
583 1167 649 1207 eum
660 1145 770 1220 Clodio,
778 1147 882 1226 gladiis
895 1149 1012 1221 eductis,
1025 1149 1129 1227 purtim
1143 1167 1238 1208 resur

259 1263 324 1305 rere
336 1245 374 1303 ad
386 1245 512 1316 rbednm,
523 1255 556 1303 ut
567 1263 586 1303 e
598 1254 680 1321 tergo
689 1243 829 1305 Milonem
843 1246 1029 1317 odoriferus,
1039 1247 1153 1324 purtim,
1163 1247 1238 1323 quod

260 1341 337 1400 buno
344 1339 407 1416 jum
420 1339 601 1400 interfectum
614 1349 757 1417 putarent,
770 1342 891 1401 medere
906 1341 1045 1420 inopius
1057 1343 1120 1419 ejus
1132 1361 1238 1414 servos,

259 1438 311 1514 qui
333 1446 397 1514 post
417 1446 507 1509 erunt,
526 1456 565 1495 ex
588 1438 692 1512 quibus
711 1438 762 1514 qui
783 1440 879 1498 animo
898 1437 975 1498 fideli
996 1441 1025 1496 in
1045 1439 1190 1498 dominum
1210 1448 1239 1498 et

259 1532 404 1610 praesenti
417 1531 541 1604 fuerunt,
550 1535 654 1610 partim
665 1534 751 1594 oooisi
766 1547 842 1607 sunt,
850 1536 962 1612 pertint,
972 1555 1061 1612 quum
1074 1535 1111 1594 ed
1121 1533 1238 1593 rhedam
1248 1546 1279 1594 ιο

260 1629 380 1706 pugnari
394 1629 533 1700 viderent,
546 1629 662 1688 domino
674 1648 842 1690 euoourrere
860 1631 1084 1708 prohiberentur,
1098 1629 1239 1690 Mibnem

260 1727 384 1786 necisum
403 1743 444 1785 ex
463 1726 525 1802 ipso
545 1724 647 1788 Clodio
666 1728 801 1789 audirent
818 1737 849 1788 et
868 1747 900 1786 re
920 1747 991 1786 vere
1010 1735 1152 1806 putarent,
1165 1726 1239 1786 isos·

240 1802 246 1820 “
260 1831 328 1880 runt
350 1822 380 1880 id
396 1817 493 1880 ¹⁰serui
513 1821 640 1896 Milonis,
654 1821 763 1903 (dinem
780 1825 858 1884 enim
877 1833 975 1901 operte
995 1843 1052 1884 non
1071 1819 1240 1884 1¹desinendi

260 1917 386 1978 niminis
398 1934 493 1989 neum,
504 1917 557 1976 sed
570 1929 602 1978 ut
614 1918 721 1978 festum
735 1916 805 2003 est)
819 1939 874 1980 neo
891 1920 1049 1997 imperante
1062 1937 1116 1980 nee
1134 1920 1240 1979 sciente

260 2029 315 2071 noo
333 2025 483 2090 praesente
502 2015 626 2088 domino,
645 2016 724 2092 qnod
742 2015 949 2092 enusquisque
969 2032 1066 2074 servos
1086 2015 1116 2074 in
1137 2014 1187 2074 teli
1206 2027 1280 2075 rers

260 2107 356 2169 funem
369 2111 515 2172 voluisset.

300 2204 359 2264 XL
398 2206 445 2266 30.
468 2205 560 2282 lineo,
573 2208 656 2280 dont,
668 2208 798 2285 exposui,
811 2207 852 2267 ite
865 2216 947 2285 geete
959 2215 1033 2278 sunt,
1048 2206 1178 2283 judiees:
1196 2207 1240 2266 in·

260 2299 378 2360 eidbstor
396 2313 547 2379 superatus
565 2313 618 2372 eet,
632 2304 663 2361 vi
682 2304 761 2363 victu
779 2303 833 2374 vis,
847 2303 895 2362 vel
914 2304 1008 2380 potius
1027 2320 1164 2380 oppresse
1183 2302 1240 2360 vin

260 2403 324 2456 tute
342 2397 460 2456 nudeein
477 2406 531 2458 est
572 2397 654 2456 Nihil
674 2399 748 2470 dieo,
761 2399 832 2475 quid
845 2415 892 2458 res
905 2398 1019 2476 publius
1032 2405 1185 2458 ooneeoute
1196 2398 1243 2470 eit,

260 2491 341 2565 nibil,
353 2494 423 2570 quid
443 2513 502 2566 voe,
515 2494 596 2566 nibil,
607 2495 680 2572 quid
698 2513 797 2554 ornnes
816 2494 892 2554 boni.
932 2494 1014 2553 Nihil
1027 2513 1095 2554 sune
1108 2495 1139 2552 id
1152 2495 1282 2571 pruritui)

260 2588 375 2662 Miloni,
386 2591 438 2668 qui
454 2592 509 2650 bos
527 2590 587 2650 feto
599 2601 683 2650 neure
695 2601 748 2664 eet,
761 2599 794 2650 ut
805 2609 844 2650 ne
857 2607 887 2650 se
901 2592 1017 2666 quidem
1030 2609 1146 2650 servnre
1160 2599 1243 2667 potu·

260 2683 416 2763 erit¹qnin
439 2705 499 2746 une
519 2707 581 2746 rem
604 2689 747 2764 publium
770 2705 879 2764 vosque
899 2697 1036 2754 servaret
1077 2685 1110 2746 Si
1129 2687 1160 2746 id
1174 2687 1243 2762 jure

260 2782 324 2842 deri
346 2803 404 2842 non
428 2785 529 2860 potuit,
552 2785 624 2842 nibil
646 2783 746 2854 babeo,
767 2782 1023 2860 quoddefendem.
1065 2781 1117 2842 Sin
1138 2783 1192 2842 hoo
1213 2791 1244 2842 et

260 2879 334 2938 rstio
356 2880 447 2938 doctis
466 2889 498 2941 et
519 2880 673 2940 neoeseites
692 2880 822 2938 berberis
841 2888 872 2938 et
890 2897 952 2938 mos
971 2879 1105 2955 gentibue
1124 2889 1154 2937 et
1173 2877 1242 2938 feris

262 2976 348 3034 etiem
361 2977 463 3036 belluis
476 2986 581 3036 nature
594 2977 656 3054 ipse
668 2976 861 3054 praescripsit,
874 2983 908 3034 nt
919 2993 1032 3034 omnem
1045 2993 1160 3052 semper
1172 2975 1241 3047 vim,
1249 2987 1282 3036 25

261 3091 432 3150 omonnqne
451 3091 507 3150 ope
526 3081 680 3150 possente
698 3089 857 3148 eorpore‚e
875 3072 1009 3148 sopitus
1027 3071 1087 3129 vite
1107 3089 1160 3130 sue
1178 3089 1243 3148 pro-

262 3169 417 3246 pulsarent
430 3185 488 3227 non
501 3169 619 3246 potestis
638 3168 694 3228 boo
713 3167 823 3228 lesione
844 3169 1005 3246 improbum
1021 3166 1160 3242 judicare,
1173 3168 1243 3244 quin

261 3264 349 3325 simul
363 3265 506 3340 judicetis,
525 3265 666 3337 omnibus,
684 3265 735 3342 qui
754 3265 786 3322 in
804 3265 930 3324 lemnes
943 3263 1101 3335 inciderint,
1114 3275 1165 3322 ent
1184 3264 1244 3323 illo·

262 3379 328 3418 rum
347 3361 411 3418 telis
430 3371 482 3420 eut
500 3361 602 3420 vestris
620 3361 768 3420 sententiis
782 3377 845 3420 esse
860 3361 1047 3438 pereundum.
1089 3361 1137 3418 31.
1159 3358 1244 3435 Quod

262 3457 288 3514 si
301 3456 344 3514 ito
362 3466 497 3532 putasset,
508 3465 586 3515 oerte
604 3456 757 3533 optabilius
770 3455 876 3514 Miloni
889 3451 952 3512 'fuit
972 3455 1040 3514 dere
1056 3455 1190 3532 jugulum
1206 3454 1241 3514 Ρ.
1250 3467 1284 3516 tt

265 3550 375 3622 Clodio,
388 3571 445 3610 non
458 3552 546 3610 semel
559 3553 598 3610 eb
618 3551 774 3627 illoneque
794 3558 858 3608 tum
878 3551 1001 3627 primum
1015 3551 1145 3627 petitum,
1158 3567 1244 3628 quem

260 3645 387 3724 jugulari
400 3666 420 3706 e
432 3648 520 3718 vob'n,
533 3647 602 3724 quis
614 3665 648 3705 ee
660 3665 718 3705 non
727 3645 918 3723 jugulandum
932 3645 975 3704 illi
988 3647 1157 3706 trudidisset
1192 3643 1244 3706 Sin

264 3743 319 3801 boo
331 3761 416 3801 nemo
428 3751 555 3800 vestrum
570 3743 611 3800 ite
623 3742 718 3814 rentii,
731 3760 788 3799 non
801 3741 873 3807 illud
882 3739 945 3816 jem
959 3742 989 3798 in
1003 3740 1143 3816 judicium
1156 3739 1244 3812 venit,

264 3839 410 3897 oodensne
423 3837 468 3908 eit,
481 3838 558 3914 quod
571 3837 705 3908 feremur,
721 3837 773 3896 sed
788 3837 856 3914 jure
875 3855 913 3896 sn
933 3836 1045 3914 injuris,
1058 3838 1134 3914 quod
1148 3835 1245 3896 multis

263 3934 294 3991 in
307 3934 402 3991 oensis
421 3951 508 4010 eeepe
524 3933 685 4008 quseeimrn
699 3941 753 3990 est.
793 3931 917 3992 Insidias
936 3932 1026 3992 luctus
1046 3951 1108 3992 esse
1128 3941 1285 4000 oonsnttt

264 4038 298 4088 et
306 4027 338 4087 id
347 4037 399 4099 est,
411 4029 488 4104 quod
501 4038 617 4088 senntne
629 4037 731 4086 eontre
741 4045 805 4086 rem
818 4029 962 4105 publioom
977 4027 1083 4088 festum
1091 4027 1246 4104 judioevit=

264 4125 302 4184 eb
315 4133 379 4183 utro
391 4123 483 4184 festas
496 4125 561 4196 sint,
573 4125 714 4184 insertum
727 4132 780 4184 est
821 4121 871 4185 De
884 4125 939 4184 hoo
951 4125 1042 4203 igitur
1054 4123 1145 4184 letum
1158 4131 1202 4184 est
1215 4134 1248 4184 ss
