3317 4984
385 543 444 604 846
753 582 758 589 ·
833 554 952 601 onsrro

425 740 465 780 ex
477 720 607 779 ommtus
620 718 754 795 preemiis
767 716 892 790 moue,
905 718 930 775 si
942 726 1018 777 esset
1030 716 1163 777 hubeudn
1175 716 1250 776 rstio
1263 715 1406 793 proemio·

425 834 499 888 rum,
512 817 716 893 amplissimum
728 832 792 873 esse
810 814 968 891 praemium
981 813 1117 890 gloriam:
1138 830 1203 872 esse
1223 814 1299 872 huno
1311 832 1407 885 unum,

426 930 499 989 quae
510 912 678 970 brevitatem
691 912 770 969 vitm
781 909 952 986 posteritatis
965 910 1102 969 memorie
1113 910 1319 981 consolaretur,
1332 928 1407 985 quse

426 1008 558 1079 effloeret,
580 1017 612 1065 ut
633 1009 765 1066 absentes
787 1007 959 1075 adessemus,
986 1006 1090 1063 mortui
1118 1006 1301 1064 viveremus:
1332 1007 1407 1065 luno

405 1105 551 1180 odenique
564 1122 635 1170 esse,
649 1103 730 1178 oujus
749 1102 883 1181 gradibus
896 1102 983 1160 etiem
1003 1102 1033 1159 in
1053 1102 1163 1160 eoelum
1177 1102 1307 1161 homines
1328 1102 1407 1161 vide·

426 1209 527 1259 rentur
549 1200 710 1259 usoendere.
758 1198 805 1256 98.
836 1202 853 1233 “
868 1196 914 1256 De
940 1214 996 1269 ms,
1019 1196 1121 1273 inquit,
1142 1214 1255 1273 semper
1282 1198 1406 1274 populus

428 1295 584 1366 Romuuus,
606 1312 721 1371 semper
745 1310 845 1352 omnes
870 1300 969 1369 gentes
992 1291 1151 1367 loquentur,
1177 1292 1254 1351 nulls
1278 1310 1406 1367 unquam

427 1392 602 1451 obmutesoet
621 1398 756 1447 vetustos.
797 1386 875 1461 Quin
894 1388 949 1445 hoo
960 1394 1089 1463 tempore
1108 1386 1179 1462 ipso,
1197 1404 1286 1462 quum
1306 1404 1406 1446 ornnes

427 1506 447 1545 e
458 1487 529 1545 meis
541 1486 662 1543 inimicis
677 1483 754 1542 fnoee
765 1479 901 1541 ‘invidiae
916 1500 999 1541 mese
1012 1481 1204 1556 subjiciantur,
1216 1490 1314 1541 tumen
1328 1484 1407 1541 omni

390 1584 460 1645 loin
472 1583 618 1641 hominum
631 1589 713 1639 ooetu
726 1580 825 1657 gratiis
838 1578 957 1655 agendis
971 1588 1002 1637 et
1019 1578 1253 1654 gnrrlutiouibus
1267 1579 1407 1637 habendis

428 1688 459 1739 et
478 1678 556 1739 omni
577 1696 708 1736 sermons
730 1675 917 1735 eelebrumur.
968 1670 1077 1733 Omitto
1101 1672 1236 1732 Etrurine
1259 1672 1350 1732 festos
1368 1670 1407 1733 'et

428 1785 506 1835 notos
523 1783 556 1834 et
573 1774 715 1831 institutos
734 1772 813 1830 dies:
833 1770 988 1829 centesima
1006 1769 1058 1827 lux
1078 1778 1120 1827 est
1141 1770 1212 1828 huso
1230 1771 1269 1829 ub
1288 1770 1405 1829 intuitu

429 1872 466 1931 P.
480 1870 572 1932 clodii
585 1878 624 1940 et,
636 1870 745 1945 opinor,
757 1868 849 1926 nitere
858 1866 943 1942 ique
958 1867 1029 1924 fines
1045 1866 1157 1941 imperii
1172 1866 1269 1942 populi
1283 1866 1405 1925 Romani

429 1976 504 2039 snut,
516 1986 552 2027 eu
564 1985 620 2024 non
637 1965 728 2023 solum
744 1963 822 2023 sumu
835 1962 898 2039 jum
913 1963 949 2021 de
962 1962 1020 2033 illo,
1033 1962 1084 2021 sed
1097 1961 1183 2020 etium
1204 1962 1312 2021 lustitia
1326 1982 1406 2039 peru-

392 2064 532 2143 rsgrsvit
573 2062 774 2137 Quamobrem,
786 2061 838 2119 nbi
856 2076 959 2136 oorpue
978 2058 1032 2118 hoo
1051 2058 1096 2129 sit,
1108 2076 1174 2131 non,
1187 2058 1288 2136 inquit,
1301 2059 1406 2132 laboro,

429 2161 564 2238 quonium
582 2160 711 2218 omnibus
730 2158 760 2217 in
773 2157 857 2215 terris
870 2164 901 2217 et
910 2154 971 2231 jum
985 2164 1117 2215 venetur
1129 2164 1158 2214 et
1171 2172 1287 2233 semper
1300 2156 1406 2216 hbes

409 2302 418 2319 .
428 2257 473 2317 bit
484 2256 605 2315 nominis
618 2255 675 2314 mei
687 2254 801 2331 glorw

469 2351 623 2411 XXXVI.
672 2352 719 2408 99.
749 2346 844 2408 ¹Hueo
864 2358 895 2407 tu
916 2366 1027 2407 menum
1048 2364 1142 2425 saepe,
1161 2348 1206 2406 his
1226 2350 1407 2417 obseouium

430 2448 481 2507 sed
501 2448 600 2507 iisdem
620 2445 799 2505 audientibus
818 2442 901 2503 ’lineo
919 2460 974 2520 ego
994 2450 1096 2514 tenum,
1116 2442 1206 2503 Milo:
1235 2456 1263 2501 te
1284 2446 1409 2520 quiden,

391 2554 521 2620 ntiquom
541 2544 596 2601 isto
615 2542 710 2601 enimo
729 2560 769 2611 es,
781 2540 851 2599 setis
870 2540 986 2598 lnudnrs
1000 2556 1055 2597 non
1069 2556 1202 2615 possum
1221 2540 1282 2610 sed,
1295 2560 1354 2617 quo
1366 2552 1408 2600 eet

430 2641 487 2701 istu
500 2640 590 2718 mugio
602 2640 700 2697 dirius
712 2638 812 2709 nnus,
824 2656 860 2696 eo
873 2635 981 2712 majore
994 2654 1013 2695 u
1025 2644 1054 2695 te
1067 2636 1163 2695 dolore
1177 2636 1307 2695 divellor.
1342 2638 1407 2697 Nee

431 2754 509 2808 vero,
521 2737 547 2794 si
559 2736 628 2793 mihi
641 2734 767 2810 eriperis,
780 2733 895 2809 relique
910 2740 955 2790 est
974 2731 1024 2789 ille
1042 2740 1138 2789 tumen
1158 2731 1195 2789 nd
1205 2732 1408 2791 consolandum

431 2831 558 2909 querele,
570 2840 603 2889 ot
621 2831 665 2887 hie
684 2828 769 2888 irusoi
787 2828 901 2905 possint,
915 2846 934 2885 u
953 2826 1055 2902 quibus
1075 2834 1188 2884 mutum
1206 2826 1311 2886 vulnus
1330 2846 1408 2887 noos·

431 2948 509 3006 pero.
542 2928 610 2987 Non
623 2928 699 2987 enim
712 2926 819 2985 inimioi
833 2926 891 2984 mei
904 2934 933 2984 te
946 2924 1017 2982 mihi
1031 2925 1159 3001 eripient,
1172 2926 1223 2985 sed
1237 2926 1408 2993 minimi,

392 3038 490 3087 utnon
503 3024 577 3083 muln
590 3023 742 3098 aliquando
754 3022 790 3080 de
803 3040 851 3079 me
864 3021 966 3093 meriti,
980 3020 1030 3079 sed
1049 3037 1163 3098 semper
1181 3021 1297 3097 optime.
1338 3022 1408 3080 Nui-

432 3122 492 3181 lum
504 3120 574 3179 mihi
587 3136 721 3193 unquam,
731 3117 850 3193 judiees,
864 3124 974 3177 tuntum
983 3116 1109 3177 dolorem
1121 3112 1252 3175 inuretis
1263 3116 1332 3193 (etsi
1345 3119 1407 3194 qn's

432 3224 601 3295 potestesse
612 3212 720 3273 ‘mutus
729 3212 767 3293 i),
780 3215 831 3272 sed
844 3230 881 3271 ne
893 3211 981 3271 ‘huno
1001 3213 1115 3289 quidem
1136 3213 1237 3289 ipsum,
1250 3222 1283 3270 ut
1295 3214 1408 3272 oblivis·

431 3332 490 3381 our,
502 3312 602 3388 quenti
615 3330 662 3370 me
675 3328 788 3387 semper
799 3309 930 3369 feceritis.
971 3305 1066 3385 ‘Ques
1086 3308 1110 3367 si
1130 3326 1182 3367 vos
1201 3310 1277 3386 oepit
1296 3310 1407 3379 oblivio,

432 3416 484 3469 unt
495 3409 520 3467 si
533 3408 564 3466 in
576 3426 623 3465 me
642 3406 750 3482 aliquid
768 3404 933 3477 offendistis,
947 3422 999 3465 nur
1017 3424 1077 3463 non
1090 3404 1118 3462 id
1132 3422 1197 3463 meo
1208 3405 1303 3482 oepite
1317 3406 1407 3481 potius

393 3504 522 3567 soluitur
540 3521 627 3579 quum
640 3499 780 3561 Milonis?
820 3502 974 3561 Prseolsre
994 3502 1071 3563 enirn
1084 3500 1230 3572 rixerosi
1250 3501 1320 3576 quid
1341 3502 1407 3561 mihi

433 3601 567 3663 soniderit
588 3600 674 3676 prius,
688 3616 775 3675 quem
794 3598 850 3657 hoo
869 3606 979 3657 tentum
999 3598 1068 3657 moli
1087 3597 1196 3655 videro.
1238 3597 1304 3655 100.
1324 3596 1409 3655 Nune

433 3716 481 3756 me
494 3714 552 3755 une
563 3694 720 3753 oonsoistio
732 3702 879 3763 sustentur,
892 3693 968 3768 quod
985 3692 1046 3762 tibi,
1059 3690 1094 3749 Τ.
1107 3692 1196 3760 Auni,
1208 3691 1321 3749 uulluru
1333 3710 1351 3750 e
1364 3712 1408 3751 me

433 3792 547 3863 umoris,
567 3791 678 3849 nullum
698 3788 792 3860 studii,
811 3789 923 3847 nullutn
943 3787 1192 3864 pietatis-officium
1205 3787 1305 3846 defuit.
1347 3786 1408 3863 Ego

434 3887 596 3947 inimicitius
609 3884 765 3962 potentium
778 3902 832 3959 pro
844 3890 874 3941 te
887 3883 1022 3959 appetivi,
1035 3900 1088 3958 ego
1101 3899 1197 3941 meum
1210 3900 1296 3958 suepe
1309 3900 1408 3958 eorpus

395 3986 574 4049 enutritum
594 3981 686 4057 objeci
704 3979 792 4039 ermis
811 3978 989 4037 inimieorum
1009 3986 1130 4048 tuorum,
1150 3996 1203 4054 ego
1222 3994 1267 4035 ute
1281 3978 1408 4054 plurimis

435 4098 488 4158 pro
506 4088 536 4139 te
556 4078 712 4155 supplioem
730 4073 831 4150 ubjeoi,
851 4076 934 4145 bons,
953 4072 1079 4133 formose
1101 4092 1180 4133 mens
1202 4092 1236 4132 no
1256 4074 1407 4133 liberor-uu

436 4193 565 4234 meorum
583 4175 613 4231 iu
636 4171 863 4231 eommunionem
882 4178 996 4229 tuorum
1014 4164 1184 4247 'temporum
1203 4169 1328 4229 eontulit
1358 4170 1408 4229 hoo
