3317 4984
573 546 576 555 ¹
681 538 807 584 nrrroo.
1201 526 1258 587 ast

149 694 239 753 enirn
263 702 301 753 te
327 698 496 776 audisse,
516 720 604 778 quum
624 697 722 779 ¹’apud
743 698 899 761 Cneamem
918 721 972 781 pro
992 704 1097 781 populo
1108 702 1219 780 “fleret

152 790 287 849 venisse
314 810 361 851 eo
390 798 549 857 muliebri
570 798 675 857 vestitu
697 798 812 866 virum3
832 799 920 875 idque
941 802 1111 860 snonfloiurn
1130 820 1220 878 quum

152 884 331 963 “virgines
362 890 611 964 insmurassent,
624 893 798 952 mentionem
812 912 838 952 u
857 893 892 969 Q.
909 893 1061 955 Cornificio
1073 897 1104 955 in
1118 906 1219 957 senatu

157 982 300 1043 iatam:
346 984 400 1065 (is
439 988 506 1048 fnit
532 986 688 1068 prinoeps,⁶
710 1008 748 1049 ns
772 999 803 1048 tu
826 990 899 1049 forte
920 988 1068 1068 ”aliquem
1090 1004 1219 1054 nostrum

158 1090 256 1157 putes
268 1081 296 1157 ε)
327 1094 463 1158 postea
480 1105 542 1144 rem
558 1104 596 1145 ex
612 1096 727 1145 senatus
741 1088 869 1145 consulto
882 1089 919 1146 nd
933 1090 1081 1165 pontifices
1088 1092 1219 1165 relatam,
1241 1105 1259 1153 t

163 1178 264 1254 idque
278 1179 325 1237 ab
343 1180 391 1239 iis
411 1182 506 1242 nefas
522 1202 585 1242 esse
599 1183 764 1241 decretum:
785 1182 890 1242 deinde
902 1204 941 1243 ex
961 1197 1075 1245 senatus
1088 1188 1219 1248 oonsulto

165 1275 318 1333 eonsules
349 1273 578 1356 ¹'rogationem
601 1280 815 1357 promulgasse:
845 1276 951 1339 ¹'uxori
973 1280 1128 1341 Caesarem
1146 1302 1219 1343 nun·

170 1372 252 1430 tium
272 1374 469 1435 remisisse.
510 1376 547 1434 In
561 1377 616 1436 hso
631 1394 717 1436 eausa
734 1375 805 1433 Piso
817 1377 944 1436 amicitia
957 1377 994 1435 P.
1009 1377 1104 1437 Clodii
1116 1380 1218 1439 duuns

172 1488 308 1544 operum
333 1472 408 1545 dat,
425 1484 465 1533 ut
485 1494 521 1533 ea
540 1476 656 1552 rogatio,
672 1493 759 1550 qnam
774 1475 837 1551 ipse
849 1472 926 1533 ”fert
939 1486 969 1534 ot
980 1475 1037 1535 fert
1051 1496 1090 1535 ex
1103 1487 1217 1537 senatus

179 1567 323 1625 oonsulto
348 1564 416 1628 ³⁰et
442 1572 478 1630 de
499 1572 645 1648 religione,
667 1572 839 1647 antiquetur.
880 1571 1011 1631 Messala
1030 1574 1217 1633 vehementer
1225 1587 1256 1637 to

181 1663 286 1722 sdhuo
313 1666 392 1741 agit
419 1686 533 1727 severe.
575 1667 650 1726 Boni
665 1668 720 1725 viri
738 1668 871 1744 precibus
887 1666 981 1727 Clodii
998 1679 1214 1729 removentura

188 1777 301 1819 causat
328 1758 478 1840 ¹¹operae
499 1774 719 1841 eomparantunt
753 1754 866 1823 nosmet
885 1765 950 1841 ipsi,
969 1766 1020 1841 qui
1040 1765 1184 1843 Lycurgei
1196 1786 1216 1826 a

189 1855 348 1932 principio
377 1858 549 1932 fuissemus,
573 1860 699 1936 qnotidie
721 1860 940 1936 demitignmur:
970 1860 1057 1920 instat
1080 1870 1110 1921 et
1131 1872 1216 1939 urget

195 1948 281 2010 (lato.
332 1952 429 2029 Quid
440 1954 553 2014 multa?
582 1954 700 2027 Vereor,
710 1974 748 2015 ne
758 1956 839 2027 haec,
849 1957 1108 2033 negleotnnbonis,
1117 1956 1215 2017 defen·

196 2067 229 2105 sn
247 2050 289 2107 ab
314 2052 477 2129 improbis,
492 2070 660 2129 magnorum
680 2053 723 2111 rei
744 2052 875 2129 publicae
896 2054 1036 2112 malorum
1049 2073 1137 2113 eausa
1148 2056 1213 2115 sint.
1223 2070 1254 2117 lt

201 2144 229 2201 A.
243 2141 365 2205 “Puue
381 2159 485 2207 autem
498 2148 547 2206 ille
561 2149 668 2207 amious
686 2148 768 2226 (soin’
782 2167 870 2224 quem
883 2148 1002 2207 ffionm?
1021 2150 1057 2208 de
1068 2159 1166 2225 quotu
1176 2152 1214 2209 ad

202 2258 249 2301 me
261 2244 428 2320 scripsisti,
443 2254 542 2322 postea
556 2262 643 2320 quam
657 2262 713 2302 non
727 2245 849 2303 auderet
862 2246 1081 2322 reprehendere,
1094 2246 1213 2307 laudare

207 2339 355 2415 ooepisse)
375 2360 441 2413 nos,
457 2350 488 2399 ut
500 2341 630 2412 ostendit,
644 2340 797 2399 admodum
812 2341 913 2418 diligit,
925 2342 1114 2418 amplecitur,
1126 2352 1213 2415 amat,

208 2444 308 2509 aperte
336 2436 463 2495 laudat:
485 2437 602 2508 oooulte,
626 2436 676 2495 sed
698 2436 747 2507 ita,
771 2444 803 2494 ut
824 2438 1006 2514 perspicuum
1028 2439 1073 2509 sit,
1095 2438 1213 2498 invidet

207 2528 293 2588 iiiiii
307 2550 408 2605 nome,
422 2532 494 2590 nihil
508 2532 639 2609 simplex,
657 2531 729 2589 nihil
748 2528 799 2591 ”lv
817 2539 872 2594 τοῖς
890 2539 1033 2595 πολιτικοῖς
1051 2535 1252 2607 honestumne

212 2624 281 2683 nihil
290 2626 419 2699 illustre,
428 2628 498 2685 nihil
507 2626 588 2699 forte,
597 2626 668 2684 nihil
680 2627 810 2686 liberum.
854 2627 913 2689 Sed
923 2630 995 2688 haee
1002 2631 1040 2688 nd
1050 2640 1078 2687 te
1088 2630 1212 2689 soribm

214 2720 282 2780 alios
295 2720 475 2791 “subtilium
495 2742 563 2783 nam
574 2742 668 2800 neque
680 2724 774 2783 adhue
784 2726 855 2783 mihi
865 2726 934 2785 satis
943 2736 1012 2785 nota
1019 2722 1095 2797 sunt,
1105 2735 1135 2785 et
1144 2726 1212 2785 huie

216 2826 308 2878 terme
328 2820 391 2881 lilio
411 2818 528 2879 “neseio
549 2820 596 2879 oui
617 2820 795 2881 committere
813 2822 963 2897 epistolam
975 2822 1062 2879 tantis
1075 2822 1212 2880 derebus

217 2930 272 2971 non
291 2916 399 2974 audeo.
440 2916 468 2972 5.
502 2914 671 2975 Provinoiaa
692 2911 862 2991 “praetores
881 2916 1006 2975 nondum
1025 2915 1117 2973 sortiti
1136 2922 1211 2973 sunt.

222 3006 277 3067 Res
297 3010 403 3069 eodem
423 3020 468 3068 est
479 3006 563 3081 “loci
578 3028 634 3086 quo
648 3010 797 3087 reliquisti.
837 3007 1027 3081 ἦποθεσίαν,
1039 3028 1128 3086 quam
1147 3025 1250 3087 pos-tt

220 3104 298 3177 inlus,
311 3106 423 3166 Miseni
444 3116 473 3165 et
495 3107 690 3181 Puteolorum,
704 3110 850 3169 includam
864 3105 1007 3167 ”orationi
1020 3126 1111 3167 mese.
1151 3104 1210 3167 ¹⁰A.

224 3200 248 3257 d.
261 3200 317 3260 111.
331 3204 411 3263 Non.
428 3202 580 3263 Deoembr.
592 3206 728 3265 mendose
738 3206 828 3265 fuisso
837 3205 1105 3265 animadverteram.
1126 3203 1210 3279 Quos

223 3295 317 3357 landas
337 3320 378 3359 ex
399 3300 581 3373 orationibus,
596 3302 669 3360 mihi
689 3302 784 3373 erede,
798 3301 884 3360 valde
896 3301 968 3359 mihi
987 3301 1146 3376 plaoebaut,
1158 3301 1210 3361 sed

227 3411 277 3451 non
287 3398 428 3457 audebam
440 3406 525 3456 antee
536 3398 649 3467 dioere;
669 3416 746 3457 nuno
757 3416 836 3469 vero,
847 3398 925 3473 qnod
934 3416 953 3457 a
961 3406 991 3456 to
1004 3398 1125 3473 probata
1133 3405 1209 3469 sunt,

226 3490 309 3551 multo
320 3495 362 3552 mi
375 3492 551 3571 “derum
564 3497 706 3555 videntur.
747 3494 784 3553 Iu
798 3495 879 3555 illum
890 3495 1049 3553 orationem
1060 3491 1247 3555 “Meum-so

229 3603 289 3645 nam
307 3590 404 3648 annin
418 3572 568 3667 quaem
611 3591 702 3651 niter
714 3592 767 3651 nti
787 3592 924 3662 mmm,
936 3591 1072 3666 quoniam
1086 3598 1209 3649 remor

229 3686 308 3743 nostri
320 3684 503 3765 “pluma
517 3689 650 3748 reddidit.
692 3688 718 3747 6.
739 3688 818 3747 Novi
831 3688 884 3746 tibi
892 3687 1030 3762 quidnam
1041 3684 1208 3745 “scribam

232 3772 329 3853 ⁴'quidi
372 3783 477 3861 Etiam.
519 3785 648 3844 Messala
667 3783 767 3844 oonsul
784 3784 994 3843 Autronianam
1008 3783 1125 3841 domum
1137 3783 1209 3841 emit

231 3868 305 3936 ⁰118.
328 3878 508 3940 CXXXIV.
550 3880 628 3955 Quid
646 3882 676 3939 id
689 3880 728 3939 ad
740 3898 795 3952 me,
808 3878 943 3955 inquies?
982 3878 1119 3949 Tantum,
1130 3879 1208 3953 quod

235 3985 264 4027 ta
282 3978 421 4053 emptione
443 3986 473 4036 et
493 3996 545 4037 nos
568 3977 642 4037 beno
669 3976 772 4037 emisse
798 3974 920 4053 judionti
941 3994 1039 4034 sumus
1060 3983 1091 4033 ot
1116 3974 1246 4035 homi-to

261 4152 343 4208 ruer.
359 4156 410 4207 111.
443 4156 583 4207 ‘Diu-bet
598 4158 689 4223 punior
699 4157 749 4207 and
762 4157 876 4223 princeps
908 4154 998 4207 vdie
1011 4156 1209 4209 Cio-XXIILn.
1222 4160 1243 4207 ι.
