3317 4984
661 540 853 595 mmm

511 799 785 869 crissoni
823 797 991 895 usur·

307 966 392 1029 (ss.
408 968 556 1021 suono.
566 968 590 1019 t
601 958 664 1019 xv.
675 968 1008 1019 menusanum.
1019 965 1052 1020 n.
1066 967 1095 1020 c
1105 969 1169 1032 τοι.)

362 1113 419 1173 Μ,
435 1111 473 1173 Τ.
488 1112 521 1174 c.
535 1108 724 1173 Ἰιιιιιτιιι
740 1129 779 1172 nr
793 1104 893 1173 Tm.
908 1104 981 1174 Suis
998 1109 1028 1175 S.
1042 1104 1079 1173 P.
1094 1113 1133 1171 Ι).

247 1242 279 1299 1.
304 1232 344 1301 Si
371 1250 411 1301 tu
439 1254 469 1302 et
488 1234 592 1315 Tullia,
612 1244 664 1301 lux
684 1250 789 1315 nostia,
802 1240 914 1314 valens,
927 1262 980 1319 ego
994 1251 1024 1301 el
1041 1243 1226 1303 suavissimus
1260 1260 1267 1277 ·

201 1334 320 1395 Cicero
349 1339 506 1399 valemus.
550 1338 652 1399 Pridie
678 1338 750 1399 Idus
772 1336 914 1397 Octobres
933 1339 1065 1397 Athe-ss
1087 1339 1227 1411 venimus,

203 1452 306 1509 quum
321 1452 410 1493 saus
423 1436 555 1495 adversis
564 1436 658 1494 ventis
666 1436 712 1494 usi
722 1449 852 1495 essemus
860 1434 1000 1509 tardeque
1009 1444 1040 1491 et
1047 1434 1226 1494 incommode

203 1530 464 1605 navigassemus.
506 1532 553 1590 De
566 1547 642 1591 uuve
655 1531 826 1589 exeuntibus
839 1530 921 1588 nobis
934 1526 1059 1588 Acastus
1073 1547 1138 1588 cum
1151 1530 1226 1589 litte-

206 1626 249 1684 ris
272 1638 410 1703 praesto
433 1624 517 1687 fuit¹
519 1648 575 1687 uno
595 1634 625 1687 et
643 1628 779 1687 vicesimo
800 1626 857 1698 die,
869 1645 938 1685 sane
951 1634 1076 1685 strenue.
1114 1626 1224 1703 Accepi
1249 1642 1264 1689 c

205 1730 277 1779 tuas
301 1720 434 1783 litteras
434 1726 559 1801 ,quibus
580 1724 713 1782 intellexi
735 1732 765 1782 te
788 1723 893 1794 vereri,
911 1741 949 1781 nc
971 1724 1134 1799 superiores
1153 1724 1225 1781 mihi

208 1818 358 1877 redditae
381 1840 447 1879 non
467 1830 571 1879 essent
610 1818 720 1881 Omnes
733 1820 940 1879 suntredditns
953 1820 1225 1897 diligentissimeque

207 1932 229 1973 n
242 1926 276 1973 te
291 1918 473 1993 perscripti
485 1918 598 1981 omnim
618 1917 704 1991 idque
722 1917 793 1975 milii
813 1917 1004 1993 &nussim
1016 1915 1078 1974 init
1118 1916 1224 1992 Neque

212 2024 282 2070 snm
297 2012 474 2072 admiratus
489 2014 562 2072 hanc
575 2012 745 2089 epistolum,l
755 2029 843 2087 qnam
856 2014 980 2072 Acastus
993 2012 1096 2085 attulit,
1105 2014 1224 2072 brevem

212 2106 334 2179 fuiss03
353 2108 426 2187 jam
447 2112 524 2168 enim
544 2129 591 2168 me
605 2110 699 2187 ipsum
713 2118 848 2186 expectas
862 2110 924 2169 sive
936 2128 989 2168 nos
1001 2110 1086 2187 ipsos,
1099 2109 1150 2185 qui
1162 2111 1263 2187 qui-10

214 2202 287 2263 dem
302 2224 406 2281 quam
426 2208 551 2283 primum
563 2206 601 2265 nd
615 2225 666 2265 vos
680 2204 779 2265 venire
792 2206 930 2281 cupimus,
943 2206 1007 2277 etsi,
1018 2207 1051 2264 in
1062 2225 1150 2281 quam
1161 2225 1225 2265 rem

216 2300 378 2375 publicum
402 2304 560 2373 veniamus,
579 2302 716 2377 intelligo
758 2299 888 2378 Cognovi
907 2303 985 2360 enim
1004 2320 1044 2361 ex
1068 2302 1224 2361 mulorum

218 2396 393 2456 amisorum
408 2399 598 2474 lucensque
611 2398 706 2457 aulis
719 2396 899 2468 nemiuem
909 2411 1062 2457 mersu
1075 2410 1224 2476 spectum

219 2498 252 2549 nl
272 2492 363 2564 mihi,
379 2512 472 2569 quum
492 2508 607 2565 venero,
627 2492 805 2551 dissimulare
825 2510 883 2550 non
902 2494 1075 2570 deestquid
1094 2496 1224 2554 sentiam.

223 2584 294 2659 sed,
309 2591 456 2665 quoniam
469 2590 617 2647 subeunda
626 2586 740 2649 fortuna
750 2598 801 2661 est,
809 2608 844 2647 co
857 2589 941 2649 citius
954 2590 1083 2649 dabimus
1097 2610 1223 2668 operam,
1233 2600 1263 2654 1⁶

222 2692 256 2741 ut
269 2686 441 2757 veniamus,
454 2706 511 2761 quo
531 2684 646 2745 facilius
658 2686 695 2745 de
708 2696 769 2745 tota
780 2705 812 2745 rc
825 2686 1024 2745 deliberemus
1064 2683 1113 2745 Τιι
1126 2690 1224 2760 velim,

225 2782 305 2855 quod
319 2783 475 2840 commodo
489 2782 659 2840 valetudinis
672 2790 739 2841 tuae
753 2783 811 2854 fist,
824 2801 913 2857 quam
931 2783 1096 2858 longissime
1108 2786 1224 2861 potaris,

233 2877 343 2934 invium
360 2879 445 2936 nobis
459 2879 588 2954 prodeas.
629 2878 657 2935 2.
677 2876 736 2936 ¹De
746 2878 904 2937 hereditate
915 2878 1065 2951 Preciana,
1075 2899 1151 2956 quae
1160 2883 1224 2957 qui·

264 2990 295 3031 m
308 2976 386 3033 mihi
399 2994 505 3051 magno
517 2975 608 3033 doleri
621 2984 672 3046 est,
688 2974 787 3053 (vslde
799 2976 878 3033 enim
886 2976 967 3033 illum
976 2978 1095 3052 mavi)
1105 2978 1156 3036 sed
1169 2980 1223 3039 hoc

248 3070 318 3127 clim
340 3090 446 3129 cures:
468 3072 492 3128 si
512 3073 607 3129 auctio
619 3080 686 3129 ante
700 3086 795 3129 meum
809 3072 965 3131 adventum
978 3072 1037 3143 flet,
1050 3083 1084 3131 nt
1097 3074 1263 3151 Pompo-2⁰

230 3164 295 3223 nius
309 3174 371 3239 snt,
386 3168 411 3225 si
424 3168 449 3224 is
459 3167 552 3223 minus
563 3167 675 3243 poterit,
685 3164 823 3225 Camillus
832 3178 961 3226 nostrum
973 3170 1120 3246 negotium
1132 3182 1222 3231 mret-

230 3254 294 3318 Nos
308 3280 402 3337 quum
423 3262 495 3320 salvi
515 3263 688 3333 venerimus,
701 3262 813 3338 reliqna
832 3282 885 3339 per
903 3282 956 3323 nos
973 3283 1112 3341 ngemns3
1131 3268 1176 3326 sin
1189 3279 1222 3327 tn

229 3350 291 3429 jam
307 3354 406 3417 Roma
425 3354 554 3434 proiecta
568 3360 633 3429 sris,
649 3368 745 3417 temen
758 3357 880 3432 curabis,
892 3366 925 3417 ut
938 3357 1110 3420 hocitnfiet
1151 3361 1223 3437 Nos,

233 3450 256 3508 si
272 3449 312 3511 dii
326 3454 513 3530 adjuvabunt,
528 3456 640 3513 circiter
653 3452 723 3513 Idus
737 3446 919 3514 Novembres
931 3456 962 3514 in
976 3454 1062 3516 Italis
1074 3477 1221 3535 speramus

236 3546 304 3609 lore.
345 3550 418 3623 Vos,
431 3571 496 3609 mea
519 3552 690 3611 suavissima
713 3560 742 3611 et
762 3552 939 3629 optatissima
957 3554 1105 3629 Terentia,
1123 3557 1148 3616 si
1168 3572 1261 3621 noeto

236 3646 346 3717 ematis,
360 3656 459 3705 curate
473 3656 505 3705 ut
518 3648 646 3708 valeatis.

275 3740 360 3801 Vale.
401 3744 533 3817 Athenis,
546 3765 571 3803 a.
585 3746 612 3803 d.
628 3734 697 3803 XV.
713 3736 862 3806 Kalendas
875 3744 1064 3809 Novembres.

600 3912 898 3965 *autumn

270 3999 358 4061 Ense.
374 4005 462 4061 xm.
493 4008 634 4061 Φιιιιιι.
646 4008 793 4063 meuc
803 4011 905 4079 unm.
921 4012 957 4064 v.
967 4012 1029 4067 sill.
1039 4008 1226 4069 coms
1238 4022 1259 4066 1.

473 4096 539 4154 14·
1075 4108 1099 4156 u
