3317 4984
378 557 439 615 848
500 570 620 616 cumo
640 569 703 613 mo
723 571 751 613 u.
771 570 874 616 asmo
895 570 1028 631 mosa,
1049 571 1119 618 css.
1140 574 1282 617 xxxvm.

458 730 643 789 XXXVIII.
684 730 803 791 Utinam
821 731 862 789 dii
881 732 1055 793 immortales
1078 732 1211 793 fecissent
1233 734 1317 811 (paee
1337 744 1397 804 tus,

418 829 519 907 patuis,
533 827 674 895 dixerim
693 837 791 887 metuo
802 828 888 900 enim,
902 847 939 887 ne
958 829 1096 889 scelerate
1115 832 1209 889 dicam
1223 832 1253 889 in
1266 842 1304 903 te,
1318 833 1397 908 quod

416 945 470 1004 pro
488 925 599 983 Milone
619 924 711 983 diuum
730 922 803 1002 pie),
816 920 935 983 ¹utimm
956 925 992 983 P.
1008 924 1123 986 Clodius
1142 946 1199 987 uon
1220 929 1305 987 modo
1317 929 1397 988 vive·

417 1033 469 1094 ret,
488 1023 540 1081 sed
559 1022 648 1081 etium
667 1031 791 1097 praetor,
811 1022 920 1095 consul,
938 1023 1060 1081 dictami·
1083 1033 1159 1083 esset
1182 1026 1286 1101 potius,
1306 1044 1395 1103 quam

393 1120 471 1181 chuc
483 1119 678 1197 spectaculum
697 1117 841 1177 videreml
883 1118 949 1177 104.
970 1117 1052 1179 Odii
1070 1120 1261 1180 immortaleal
1279 1118 1395 1181 ’ionem

415 1225 448 1277 et
459 1236 478 1277 a
490 1218 580 1289 vobis,
590 1216 713 1293 judices,
733 1215 961 1274 conservandum
980 1218 1092 1275 virum!
1133 1222 1149 1253 ‘⁴
1162 1218 1293 1291 Minime,
1312 1220 1396 1277 mini-

415 1332 470 1387 me,
491 1310 602 1391 ‘inquis
654 1312 750 1370 Immo
775 1330 846 1371 vero
868 1330 975 1389 poenm
999 1312 1049 1372 ille
1073 1315 1182 1374 debitas
1208 1316 1311 1375 luen'l:
1341 1334 1394 1374 nos

415 1412 574 1482 subeamus,
596 1412 622 1471 si
648 1411 688 1470 itu
714 1401 830 1469 lacesse
854 1418 907 1483 esi,
930 1426 987 1469 non
1014 1410 1150 1470 debitas”
1199 1410 1321 1470 Hiccine
1349 1413 1396 1470 vir

414 1502 535 1583 ‘patriae
554 1516 638 1565 nutus
658 1524 779 1583 usquam
798 1505 854 1564 nisi
874 1504 904 1563 in
924 1505 1018 1582 pauiu
1037 1506 1182 1577 morietur,
1195 1507 1290 1577 suasi
1310 1506 1394 1577 fone,

376 1612 408 1663 ιο
415 1621 468 1678 pro
481 1601 594 1680 patria?
613 1602 698 1679 hujus
710 1622 762 1662 vos
773 1600 874 1661 ‘animi
887 1612 1069 1661 monumenta
1087 1602 1252 1673 retinebitis,
1265 1604 1394 1681 corporis

412 1694 455 1757 ‘in
468 1698 554 1758 Italis
565 1700 675 1758 nullum
695 1700 859 1778 sepulcrum
880 1716 942 1758 esse
962 1682 1129 1777 patiemini?
1149 1698 1223 1757 hunc
1242 1717 1296 1757 sua
1315 1700 1394 1776 quis·

413 1812 502 1870 quum
522 1797 662 1856 seuteuu'u
686 1816 725 1856 ex
748 1798 802 1857 hac
824 1797 897 1856 urbe
921 1794 1055 1873 expellet,
1074 1814 1161 1872 quem
1184 1814 1283 1854 omues
1306 1796 1393 1855 urbes

413 1890 568 1968 expulsum
586 1912 606 1951 a
624 1893 705 1952 vobis
724 1892 762 1951 ed
781 1911 813 1952 se
836 1889 1002 1952 vocabunt?
1043 1892 1109 1949 105.
1133 1889 1161 1951 O
1185 1900 1290 1951 terrum
1313 1892 1392 1950 illam

414 1988 536 2059 beatum,
562 2006 637 2065 quse
663 1990 740 2048 huuc
765 1990 861 2048 virum
893 1987 1057 2065 exceperim
1090 1988 1164 2048 hauc
1190 1988 1342 2065 ingratam,
1368 1988 1393 2045 si

375 2082 537 2159 usejeeefit,
557 2086 699 2156 miserum,
719 2086 743 2143 si
763 2085 906 2147 emises-iti
947 2083 1007 2145 Sed
1026 2084 1091 2143 linis
1110 2085 1155 2144 sit.
1196 2084 1303 2161 Neque
1315 2085 1393 2143 euim

413 2198 484 2257 prae
503 2180 628 2240 lacrimis
643 2181 705 2257 jam
724 2182 802 2259 loqui
822 2200 946 2259 possum,
966 2190 996 2241 et
1015 2182 1062 2241 hie
1082 2200 1113 2241 se
1134 2182 1258 2241 lacrimis
1277 2181 1392 2240 delendi

316 2321 326 2354 ,¹
412 2286 500 2336 vetut,
540 2276 994 2355 Vosoroobtestcrquejudiues,
1008 2279 1083 2338 utin
1097 2280 1244 2339 sententiis
1257 2278 1392 2351 iereudis,

411 2373 490 2449 quod
515 2374 648 2447 sentietis,
671 2376 701 2434 id
725 2376 862 2435 audeatis.
913 2374 1047 2435 Vestram
1073 2377 1217 2445 virtutem,
1240 2374 1392 2453 justitiam,

411 2468 507 2540 fldem,
530 2470 601 2529 mihi
626 2471 741 2543 credite,
764 2472 790 2530 is
811 2470 936 2530 maxime
960 2470 1099 2549 pmbabiu
1119 2471 1169 2547 qui
1193 2472 1222 2529 in
1250 2470 1392 2545 iudicslms

372 2565 541 2642 solegendis
553 2566 693 2643 optimum
705 2575 736 2627 et
747 2566 987 2646 sapientissimum
1001 2575 1032 2626 et
1048 2566 1232 2627 fortissimum
1249 2582 1393 2643 quemque

411 2660 526 2744 delegit.
