3317 4984
439 565 503 610 reo
523 565 551 608 r.
570 563 673 608 senso
692 563 828 620 moun,
849 563 920 608 ose.
940 565 1061 607 xxxm.
1200 547 1258 608 848

124 692 125 715 ¹
236 725 398 798 Etruriam,
416 725 521 786 multos
540 725 655 786 sedibus
673 743 709 784 se
727 723 848 784 fortunis
868 723 1009 800 ejeeerots
1029 724 1161 796 instabat,
1173 741 1220 782 nn

236 823 340 900 geme
359 839 462 900 espere
474 820 538 896 ejus
549 819 706 880 amentiam
717 819 829 892 civim,
840 817 933 890 Inito,
946 819 1117 896 prosineise,
1130 835 1220 897 regns

237 937 299 978 non
312 928 457 996 poterent:
477 913 686 976 'incidebantur
699 914 763 992 jem
780 915 859 976 domi
876 915 964 993 leges,
977 933 1051 992 quse
1064 933 1115 974 nos
1128 915 1220 974 servio

236 1015 346 1074 nostrie
363 1014 548 1072 eddiomentt
566 1013 639 1070 nihil
658 1021 723 1072 eret
740 1011 919 1089 enjnsqusm,
939 1013 1015 1088 quod
1034 1013 1150 1088 quidem
1170 1011 1219 1070 ille

236 1111 409 1180 sdnmssset,
421 1110 498 1186 qood
510 1128 569 1167 non
588 1109 643 1168 hoe
661 1126 737 1167 enno
756 1127 840 1166 snum
857 1107 918 1166 fore
932 1117 1053 1184 poteret
1092 1109 1140 1168 88.
1161 1105 1219 1167 Ob·
1241 1121 1257 1168 ὅ

237 1209 336 1266 nebat
353 1205 416 1282 ejus
435 1205 652 1284 sogimtionibns
673 1222 758 1264 nemo
782 1215 897 1281 praeter
920 1203 1068 1263 Milonem.
1117 1200 1218 1264 ‘mum

237 1304 342 1380 ipsum,
368 1304 419 1378 qui
443 1312 556 1378 poteret
576 1303 700 1374 obstare,
722 1319 797 1360 novo
823 1301 915 1360 redite
940 1301 970 1358 in
993 1301 1113 1377 gestiam
1136 1317 1195 1376 qne

238 1399 404 1458 devinctum
417 1398 625 1456 srbitmbetnrz
645 1395 777 1457 Gesseris
794 1395 951 1473 potentiam
963 1393 1054 1454 'susm
1068 1413 1130 1455 esse
1142 1395 1219 1456 dioe-

237 1495 309 1554 betz
328 1495 466 1552 bonnm
478 1493 590 1552 animm
601 1492 633 1550 in
651 1509 717 1551 meo
729 1509 798 1551 enen
810 1500 1036 1568 contempnent:
1057 1491 1131 1550 Milo
1143 1509 1218 1550 nnus

237 1591 369 1667 urgebat.
1226 1598 1257 1648 1⁰

280 1685 438 1745 mm.
485 1683 556 1745 ¹Hie
576 1685 617 1744 dii
637 1685 820 1757 immortales,
841 1693 872 1743 ut
893 1703 980 1762 sopra
1001 1684 1070 1758 dixi,
1091 1695 1217 1745 mentem

237 1782 284 1842 illi
296 1783 408 1859 perdito
419 1799 455 1840 se
467 1781 574 1840 furioso
585 1781 734 1853 dederunt,
746 1790 780 1839 ut
791 1781 859 1840 hoie
871 1779 978 1840 feneret
991 1780 1114 1840 insidias
1154 1780 1218 1838 Ali·

238 1887 286 1938 ter
298 1878 393 1955 perire
406 1878 494 1954 mis
506 1878 557 1936 ille
569 1895 627 1936 non
640 1877 751 1954 potnit:
769 1893 917 1952 nunqnam
937 1876 1018 1934 illum
1038 1895 1083 1934 res
1103 1876 1218 1952 publios

238 1971 303 2034 ’sno
311 1973 380 2050 jore
392 1984 469 2034 esset
480 1974 549 2032 ulte.
590 1972 724 2043 &news
737 1973 830 2044 medo,
844 1981 1005 2050 praetorem
1018 1990 1084 2032 eum
1092 1973 1217 2031 'eircum-

240 2070 406 2146 seripsisset.
445 2069 494 2127 Ne
511 2087 600 2144 pom
620 2068 728 2127 soleont
746 2069 863 2144 quidem
882 2068 912 2126 id
931 2067 1034 2138 federe,
1053 2068 1083 2124 in
1105 2067 1256 2144 privetoln

239 2167 341 2226 eodem
361 2167 416 2224 hoe
435 2164 543 2240 eiiqoid
563 2162 730 2241 proferent.
769 2165 819 2222 89.
839 2165 889 2222 An
902 2163 1031 2222 eonsules
1042 2165 1072 2221 in
1086 2173 1216 2240 prsetore

239 2263 398 2322 ooeroendo
409 2261 496 2320 fortes
508 2258 650 2320 inissent?
682 2259 824 2330 Primonn
837 2257 948 2318 Milone
960 2259 1060 2328 oooiso,
1074 2259 1218 2319 habuisset

240 2377 307 2418 suos
319 2357 465 2416 eonsules:
484 2355 588 2414 deinde
600 2355 666 2431 qnis
684 2355 716 2413 in
734 2373 770 2414 eo
781 2363 915 2431 praetore
928 2353 1026 2413 oonsul
1040 2353 1120 2412 fortis
1133 2365 1217 2426 esset,

240 2471 294 2532 per
304 2471 392 2530 qoem
404 2451 550 2510 tribunum
561 2447 707 2510 'virtutem
726 2450 903 2510 consulerem
923 2451 1116 2510 crudelissime
1129 2469 1217 2510 vexo·

240 2559 299 2608 tem
312 2565 376 2607 ssse
388 2543 583 2606 meminisset?
622 2543 820 2622 Oppmisset
838 2545 941 2618 omnis,
960 2547 1125 2622 possideret,
1139 2557 1257 2614 teneto

240 2653 304 2704 rete
322 2645 387 2720 lege
398 2661 483 2714 nove,
495 2659 570 2719 qnne
581 2650 627 2702 est
638 2641 755 2700 invente
766 2641 843 2718 spod
857 2659 922 2700 eum
943 2659 1008 2700 cum
1022 2642 1137 2718 reliquis
1146 2643 1217 2719 legi·

240 2741 294 2800 bns
305 2738 458 2810 Clodianis,
468 2757 566 2798 servos
578 2749 689 2796 nostros
700 2738 817 2796 libertos
828 2755 894 2794 suos
904 2737 1025 2796 fecisset.
1059 2737 1216 2814 Postremo,

239 2836 296 2896 nisi
306 2855 374 2895 enm
386 2836 427 2894 dii
440 2835 614 2894 immortales
626 2835 656 2892 in
670 2851 735 2892 um
747 2842 872 2891 mentem
884 2833 1072 2910 impulissent,
1086 2845 1119 2892 ut
1132 2835 1217 2894 homo

241 2931 420 2990 effeminatos
432 2930 616 2990 fortissimum
630 2929 724 2988 virnm
741 2937 892 2987 ooneretnr
908 2927 1044 2999 ooeidere,
1057 2929 1141 2988 hodie
1154 2947 1217 2989 rem

241 3027 384 3106 pnblioem
403 3027 512 3086 nollem
531 3025 682 3086 haberetis.
732 3024 780 3082 80.
799 3024 849 3082 An
869 3023 919 3082 ille
938 3033 1059 3100 praetor,
1079 3025 1127 3084 ille
1146 3037 1257 3088 veron

242 3124 348 3194 omsnl,
359 3123 384 3180 si
397 3123 483 3182 modo
495 3121 567 3181 hnee
585 3122 694 3199 tereph
712 3129 800 3196 stqne
811 3121 875 3197 ipss
887 3119 999 3178 moenis
1011 3129 1088 3180 stnre
1101 3138 1137 3180 eo
1149 3123 1218 3182 vivo

242 3219 349 3278 tamdiu
363 3228 393 3277 et
405 3217 583 3276 consulatum
597 3216 659 3292 ejus
672 3227 839 3294 exspectare
853 3217 1018 3293 potuissent,
1032 3217 1080 3276 ille
1094 3217 1217 3294 deniqne

243 3317 326 3377 visne
337 3317 406 3376 meli
419 3317 490 3374 nihil
503 3315 623 3386 ferisset,
636 3319 687 3392 qui
699 3326 836 3384 mortuus,
850 3333 906 3374 nno
920 3335 959 3374 ex
973 3317 1030 3374 suis
1049 3315 1218 3376 satellitibus

244 3411 331 3492 [Sex.
345 3411 462 3491 Clodio]
475 3412 556 3482 dnos,
568 3412 677 3470 ossism
689 3408 871 3470 inpenderit?
911 3409 978 3486 Quo
995 3411 1065 3486 qnid
1078 3411 1218 3483 mneside,

243 3509 311 3585 qnid
323 3509 461 3575 soerbins,
473 3507 543 3584 qnid
554 3506 712 3566 loetnosins
724 3503 871 3564 vidimus?
890 3502 1039 3582 ‘templum
1051 3505 1217 3578 meddin,
1225 3515 1258 3567 so

243 3605 444 3682 emplitodinin
463 3603 576 3674 meotis,
595 3602 705 3662 oonsih‘i
724 3601 839 3678 publici,
860 3611 946 3678 ospnt
969 3603 1054 3672 urbis,
1071 3619 1151 3660 niem
1175 3619 1220 3660 so·

243 3704 359 3773 dorum,
371 3711 485 3778 pormm
504 3700 632 3760 omnium
652 3701 789 3777 gentium,
801 3699 899 3758 sedem
915 3700 952 3757 sb
965 3700 1100 3759 universo
1113 3699 1220 3776 populo

243 3817 404 3858 mnessssm
423 3797 474 3856 oni
492 3798 595 3869 ordini,
613 3798 794 3868 mammeri,
806 3798 945 3871 exscindi,
956 3797 1113 3870 ‘fonedsri
1124 3815 1220 3878 neque

244 3894 347 3954 idfieri
360 3915 379 3954 s
390 3894 572 3954 multitudine
589 3893 731 3972 imperite,
743 3911 918 3972 quemquem
938 3903 1014 3954 esset
1032 3895 1168 3954 miserum
1188 3895 1220 3955 id

243 3991 408 4068 ipsnmsed
425 3993 464 4050 eb
483 3990 562 4050 nno?
601 3989 661 4066 Qui
679 4008 769 4066 quom
788 4000 900 4050 tantum
920 4009 1006 4050 suess
1025 3992 1260 4070 sitnetorpsoss

244 4096 363 4157 mortno,
376 4087 444 4164 quid
457 4087 642 4165 signiferpro
660 4088 729 4147 rivo
747 4107 805 4147 non
824 4086 1022 4148 essetsususi
1061 4087 1220 4149 Ineorisnn

244 4185 419 4263 pessimum
431 4183 545 4261 sbjeeit,
557 4193 591 4244 nt
608 4201 674 4245 esrn
692 4194 822 4245 mortuns
841 4185 1015 4258 inoenderet,
1028 4205 1115 4264 qoem
1135 4187 1220 4248 vim
