3317 4984
377 551 435 616 826
819 564 940 609 ossrro

416 696 638 805 Milol‘legetem
657 746 692 786 so
710 726 858 787 materiem
879 744 947 785 sune
967 725 1083 804 gloriae,
1097 734 1213 804 praeter
1233 726 1289 787 hoe
1311 728 1396 787 civile

416 825 521 895 odium,
540 843 597 899 quo
616 842 715 882 omnes
735 824 878 900 improbos
898 821 1030 883 odimus?
1059 822 1125 883 ‘Ille
1145 832 1209 883 eret
1229 834 1261 883 ut
1283 825 1398 895 odisset,

416 920 540 997 primum
554 918 653 977 solutis
666 936 748 977 mene
768 917 956 990 defensorem,
975 918 1078 978 deinde
1099 926 1267 977 vexatorem
1286 918 1397 991 furoris,

416 1017 583 1074 domitorem
605 1033 749 1073 armorum
775 1032 900 1085 suorum,
924 1022 1067 1090 pouremo
1093 1015 1179 1074 etism
1203 1024 1396 1075 accusatorem

395 1125 510 1172 esuum.
551 1110 631 1169 Rene
650 1110 728 1167 enim
747 1109 866 1169 Milonis
885 1110 950 1186 lege
971 1108 1069 1169 Plotia
1088 1109 1143 1169 fuit
1164 1108 1290 1181 Clodius,
1304 1108 1398 1187 quood

417 1208 498 1265 vixit
539 1204 607 1280 Quo
626 1206 741 1265 tandem
760 1206 855 1263 animo
875 1205 929 1265 hoe
948 1214 1103 1282 tyrannum
1116 1206 1197 1265 illum
1218 1206 1319 1265 tulisse
1339 1224 1398 1265 ere·

416 1301 663 1376 ditisi¹⁰quentum
676 1300 772 1360 odium
785 1301 863 1361 illius
876 1310 906 1361 et
918 1302 948 1359 in
963 1302 1077 1361 homine
1091 1300 1195 1379 injusto
1208 1321 1298 1379 quam
1311 1302 1397 1361 etism

412 1396 522 1474 justum
534 1395 644 1456 fuisse?
1226 1420 1227 1423 ¹

456 1493 544 1551 XIV.
584 1492 633 1551 di
655 1492 809 1569 Reliquum
823 1500 875 1565 est,
888 1490 1098 1568 utjam¹illnm
1111 1494 1321 1571 nummipsins
1334 1512 1396 1553 oon·

380 1590 596 1665 tosuetudoque
617 1588 760 1661 defendet,
783 1590 860 1649 huno
883 1602 981 1649 sutem
1009 1590 1079 1649 haec
1106 1591 1207 1649 eadem
1233 1598 1396 1667 ooorgnaut.

417 1686 500 1745 Nihil
513 1686 638 1763 pervim
652 1704 777 1763 nnqnum
793 1684 918 1758 Clodius,
930 1687 1026 1745 omnio
1038 1702 1091 1763 per
1103 1687 1163 1770 rim
1177 1686 1259 1744 Milo
1302 1682 1396 1759 Quid?

417 1800 480 1861 ego,
489 1781 609 1857 judioes,
622 1800 719 1857 quum,
731 1778 932 1841 'maerentibus
945 1782 1034 1851 vobis,
1048 1783 1118 1841 urbe
1132 1783 1212 1851 oessi‚
1221 1780 1396 1856 judiciorum

418 1876 524 1937 timui?
543 1896 600 1941 non
612 1874 729 1948 'servus
742 1896 799 1937 non
813 1894 902 1949 arms,
915 1896 973 1936 non
993 1876 1077 1937 vimi
1119 1876 1201 1952 Quae
1222 1876 1325 1935 fuisset
1345 1878 1396 1955 igi·

418 1984 465 2033 tur
473 1974 554 2050 jusu
565 1992 653 2035 osnes
665 1974 833 2033 resumendi
846 1975 910 2043 mei,
923 1974 979 2033 nisi
997 1973 1100 2033 fuisset
1118 1974 1225 2051 injuste
1245 1972 1396 2051 ejiciendi?

381 2068 517 2133 1o⁴Diem
537 2071 616 2141 mihi,
629 2069 722 2143 medo,
737 2070 858 2141 dixerut,
871 2070 990 2129 multum
1010 2070 1159 2147 irrogarat,
1171 2070 1314 2129 actionem
1335 2089 1396 2146 per·

418 2167 568 2225 duellionis
581 2167 750 2237 intenderet,
766 2174 797 2225 et
809 2166 879 2223 mihi
893 2165 1028 2225 videlieet
1041 2166 1071 2223 in
1091 2184 1177 2225 eausa
1194 2176 1247 2224 snt
1259 2168 1336 2225 mule
1348 2178 1397 2227 sut

419 2282 492 2335 meo,
502 2282 559 2323 non
571 2272 601 2322 et
613 2262 840 2340 praeclarissima
852 2268 882 2321 et
896 2270 999 2333 vestra,
1008 2260 1149 2336 judicium
1163 2261 1321 2321 timendum
1336 2260 1396 2320 fuit

419 2357 587 2421 ‘Servorum
607 2369 638 2419 et
656 2359 802 2436 egentium
822 2359 929 2417 oivium
943 2368 973 2417 et
985 2358 1205 2417 facinorosorum
1218 2360 1308 2417 ermis
1321 2379 1398 2419 meus

419 2458 506 2528 cives,
515 2457 586 2515 meis
599 2455 724 2515 consiliis
738 2454 931 2532 periculisque
944 2464 1077 2525 servatos,
1089 2473 1141 2531 pro
1151 2474 1198 2513 me
1211 2454 1298 2530 objici
1312 2454 1398 2514 nolui.

380 2551 469 2613 nott.
489 2551 558 2609 Vidi
578 2552 664 2624 enim,
684 2550 752 2623 vidi,
771 2552 847 2609 huuc
867 2550 961 2626 ipsum
983 2547 1019 2624 Q
1041 2549 1237 2621 Hortensium,
1251 2550 1350 2609 lumen
1371 2560 1399 2609 et

419 2658 618 2709 ornamentum
640 2646 683 2705 rei
706 2647 846 2723 pontione,
870 2664 962 2723 poene
988 2646 1110 2705 interfici
1131 2664 1279 2705 servorum
1303 2666 1399 2719 mnu,

419 2764 509 2821 quum
528 2745 599 2803 mihi
618 2745 747 2811 edessen
766 2760 825 2819 qus
844 2742 876 2799 iu
895 2742 980 2810 turbu
1002 2740 1034 2802 0
1049 2740 1198 2813 Vibienus,
1218 2752 1341 2809 senetur.
1356 2744 1400 2801 vir

420 2842 552 2919 optimus,
565 2859 631 2901 eum
644 2840 698 2899 hoe
712 2856 802 2915 quum
815 2848 891 2897 esset
904 2858 969 2910 uns,
984 2840 1024 2897 itu
1039 2846 1084 2897 eet
1103 2840 1252 2911 molestus,
1265 2850 1299 2897 ut
1310 2842 1399 2899 vitum

420 2938 555 2997 emiserit.
596 2935 699 3011 Itaque
712 2935 826 3011 quando
839 2934 916 2993 illius
931 2944 1029 3011 postes
1041 2936 1101 2993 sies
1114 2934 1171 3003 dle,
1186 2952 1273 3010 quam
1287 2955 1307 2993 a
1323 2933 1399 2995 cati-

381 3033 481 3097 zuliuu
493 3041 649 3108 essuperet,
662 3028 846 3105 conquievit?
888 3028 970 3089 Haeo
989 3025 1139 3087 ‘intentata
1158 3030 1238 3088 nobis
1253 3040 1314 3099 est3
1334 3032 1399 3089 huie

421 3149 476 3206 ego
489 3148 540 3187 vos
552 3126 638 3203 objici
651 3145 703 3203 pro
717 3144 763 3185 me
776 3144 833 3184 uon
848 3143 912 3183 sum
925 3144 1025 3201 pessus
1036 3148 1045 3194 3
1065 3125 1136 3184 haee
1156 3126 1289 3184 insidiate
1302 3122 1398 3185 'Porn-

421 3225 487 3302 peio
509 3232 571 3293 εσυ
601 3225 672 3283 heeo
693 3224 777 3282 istum
801 3221 938 3298 Appiam,
962 3230 1177 3281 monumentum
1201 3224 1246 3279 sni
1270 3224 1398 3295 oomnis,

420 3338 492 3379 nece
510 3318 634 3396 ⁸Pspirii
654 3319 832 3387 ementuvit3
852 3318 922 3377 haee
942 3318 1043 3377 eudem
1055 3313 1151 3395 ”longo
1170 3318 1323 3375 intervallo
1335 3338 1398 3377 eon·

421 3434 505 3475 verse
518 3434 616 3475 rursus
628 3415 714 3473 estin
727 3434 789 3473 met
808 3432 902 3491 nuper
915 3414 1038 3490 quidem,
1052 3422 1085 3471 ut
1097 3414 1182 3483 scitis,
1196 3430 1242 3471 me
1256 3408 1314 3472 ¹⁰sd
1327 3415 1397 3491 regi·

382 3524 470 3575 soem
490 3530 581 3589 poene
605 3511 735 3571 oonfeeit.
785 3511 834 3570 38.
866 3508 942 3585 Quid
967 3510 1059 3567 simile
1083 3506 1224 3567 Milonis?
1251 3508 1333 3585 eujus
1356 3510 1397 3567 vis

422 3609 514 3667 omnis
527 3608 599 3667 haee
612 3626 725 3684 semper
737 3604 800 3677 stult,
814 3624 851 3663 ne
865 3606 901 3663 P.
917 3604 1042 3673 Clodius,
1056 3624 1144 3681 quum
1157 3605 1188 3663 in
1196 3604 1337 3680 judicium
1350 3606 1398 3665 de·

422 3704 496 3763 trahi
509 3722 567 3762 non
580 3712 682 3779 posset,
696 3703 726 3761 vi
745 3718 911 3778 oppressum
933 3701 1077 3760 deitatem
1099 3710 1216 3759 teneret
1262 3698 1397 3773 Quemu'

422 3800 582 3859 interfluere
602 3798 746 3867 voluisset,
758 3805 891 3873 quentse,
905 3796 1015 3871 quoties
1035 3797 1204 3866 suessiones,
1218 3812 1304 3871 quum
1318 3798 1398 3872 prde-

423 3894 518 3954 olsroe
538 3891 676 3951 fuerunt?
714 3889 882 3961 ”Potuitne
901 3908 990 3967 quum
1010 3890 1126 3949 domurn
1146 3908 1181 3950 ue
1200 3890 1269 3949 deos
1283 3900 1398 3966 penates

383 4006 498 4072 munos,
511 3991 560 4049 illo
580 3998 771 4067 oppugnante,
790 3986 965 4057 defenderet,
981 3986 1049 4063 jure
1068 4004 1100 4045 se
1120 3984 1240 4045 ulniseii
1261 3987 1398 4063 potuitne,

422 4089 481 4148 civi
493 4088 608 4165 egregio
627 4096 657 4145 et
675 4086 739 4143 viro
757 4084 919 4155 fortissimo,
933 4082 969 4140 P.
984 4082 1085 4155 Sestio,
1098 4083 1207 4161 eollegs
1226 4100 1286 4155 suo,
1301 4083 1398 4141 vulne·

422 4182 510 4243 rato?
532 4183 671 4259 potuitne,
693 4180 729 4256 Q.
754 4178 897 4251 Fabricio,
920 4180 984 4238 viro
1007 4179 1123 4257 optimo,
1142 4196 1231 4255 quum
1250 4180 1288 4241 de
1307 4180 1398 4241 reditu
