3317 4984
392 538 450 601 882
834 560 954 607 ossnro

421 717 740 782 ‚leotumossedioem
782 719 943 799 Ourigitnr
959 723 1051 783 vietus
1065 721 1131 781 est?
1174 719 1322 796 Qunnon
1336 738 1407 783 m·

423 814 586 891 ,perviam
598 816 748 887 eletione,
760 836 964 894 nonnunquam
983 820 1069 879 etiam
1086 819 1160 879 lstro
1176 836 1195 875 a
1215 818 1324 879 vinoxe
1334 818 1407 877 oeri-

429 911 525 969 ditur:
545 912 621 988 quie,
634 924 937 990 quamquemperetns
951 915 985 975 in
1003 914 1155 990 impunes
1164 912 1299 984 Clodius,
1313 922 1406 975 mm

428 1007 533 1067 mulier
544 1008 684 1067 inciderat
696 1010 726 1067 in
740 1010 825 1074 viros
858 1011 906 1069 56.
921 1011 984 1071 Neo
998 1030 1067 1071 vero
1080 1012 1120 1069 sio
1134 1020 1196 1071 erst
1209 1028 1337 1085 unquam
1350 1026 1405 1069 non

408 1113 547 1181 sparatus
565 1103 641 1161 Milo
660 1115 759 1165 eontra
769 1105 867 1177 illum,
887 1114 920 1166 ut
939 1126 997 1167 non
1016 1108 1084 1167 sotis
1104 1106 1164 1165 fere
1183 1114 1261 1167 esset
1280 1114 1405 1181 pmtn

431 1198 551 1275 Semper
569 1195 639 1270 tile,
654 1208 689 1260 ,et
708 1209 848 1275 quanmm
868 1202 1016 1263 interesset
1036 1202 1072 1263 P.
1089 1200 1189 1273 clodii,
1202 1220 1234 1260 se
1253 1203 1359 1277 perire,
1377 1210 1406 1261 e

429 1304 536 1371 quanto
558 1296 602 1353 illi
623 1296 688 1356 odio
708 1306 792 1367 esset,
806 1306 846 1359 et
868 1308 1006 1373 quantun
1025 1299 1078 1359 ille
1103 1300 1229 1369 auderet,
1253 1299 1405 1373 segitem

430 1390 604 1465 annobrem
619 1392 709 1452 vitem
726 1411 816 1464 susm,
830 1412 917 1469 qnam
931 1395 1063 1455 modmis
1075 1390 1218 1471 'praemiis
1232 1394 1404 1471 propositori

428 1497 458 1545 et
470 1505 562 1561 poene
573 1487 716 1547 addictam
727 1476 843 1560 sciebat,
857 1509 1001 1566 nunquam
1021 1492 1052 1551 in
1072 1490 1231 1569 perieulum
1245 1492 1309 1549 sine
1322 1508 1404 1566 prse-

390 1595 422 1643 10
428 1582 501 1641 sidio
513 1592 543 1641 et
555 1582 617 1641 sine
628 1584 756 1648 custodia
773 1584 948 1661 projiciebat.
988 1586 1073 1646 Adde
1091 1605 1181 1657 ossus,
1195 1587 1268 1645 eddo
1280 1586 1404 1647 inoortoo

428 1679 521 1739 exitus
540 1698 702 1756 pugnarum
722 1680 905 1758 Martemque
924 1680 1123 1755 loorrtrnnnern¹
1144 1684 1193 1760 qui
1212 1700 1299 1760 saepe
1318 1683 1404 1759 spoli·

427 1785 524 1835 entem
539 1774 603 1851 jorn
625 1786 655 1836 et
677 1779 869 1839 exsultantem
893 1780 996 1841 evertit
1018 1792 1048 1841 ot
1065 1777 1199 1857 ⁹pertulit
1216 1782 1254 1841 sb
1274 1778 1404 1854 sbjetstm

428 1872 500 1933 adde
513 1872 653 1933 insoom
665 1876 770 1951 prensi,
783 1876 852 1953 poti,
865 1877 1010 1939 meientis
1023 1878 1112 1949 duois,
1125 1878 1175 1953 qui
1189 1895 1277 1953 quum
1291 1896 1311 1935 s
1323 1886 1403 1952 ιαμ

428 1970 538 2032 hostem
551 1967 757 2036 mesenensem
769 1973 939 2049 reliquisset,
952 1962 1023 2033 nihil
1036 1974 1073 2033 de
1092 1973 1153 2048 ejus
1167 1973 1306 2031 extremis
1318 1972 1405 2035 oonu'·

391 2066 505 2127 retibus
517 2067 662 2143 cogitavit,
674 2068 705 2127 in
724 2086 795 2143 quos
814 2069 944 2129 ineensos
965 2069 1008 2127 ire
1027 2070 1172 2145 vitemque
1186 2068 1292 2129 domini
1305 2068 1405 2145 despe-

428 2172 524 2221 rantes
538 2182 626 2238 quum
639 2164 898 2236 incidissetheosit
917 2165 947 2223 in
965 2166 1000 2223 iis
1017 2166 1125 2242 poenis,
1139 2184 1210 2240 ques
1228 2166 1266 2223 eb
1279 2183 1316 2225 so
1326 2164 1404 2228 8θηί

428 2259 527 2319 fideles
550 2278 602 2336 pro
624 2260 731 2320 domini
754 2261 815 2324 vita
836 2262 1046 2337 expetiverunt.
1094 2262 1138 2319 57.
1164 2259 1226 2320 Cor
1248 2262 1335 2339 igitir
1356 2277 1405 2321 sm

427 2354 614 2415 manumisit?
661 2355 809 2416 Metuebet
833 2358 948 2429 scilieet,
971 2375 1009 2417 ne
1031 2358 1196 2429 indicerent,
1218 2374 1256 2417 ne
1276 2357 1406 2417 dolorem

428 2451 555 2529 perferre
575 2471 632 2511 non
651 2463 774 2531 possent,
786 2472 824 2513 ne
844 2454 990 2515 tormentis
1009 2466 1177 2533 eogerentur
1196 2454 1321 2516 oneisum
1342 2471 1406 2513 esse

389 2560 446 2611 toa
465 2549 556 2607 servis
575 2549 694 2608 Milonis
706 2549 744 2607 in
764 2549 862 2626 Appia
882 2551 929 2609 vie
948 2550 984 2611 P.
999 2549 1129 2611 Clodium
1148 2550 1304 2611 eonfitert·
1324 2548 1405 2625 ,Quid

427 2664 499 2723 opus
521 2655 568 2705 est
588 2644 717 2707 tortore?
756 2645 835 2723 Quid
858 2644 997 2724 quoeris?
1039 2644 1259 2712 Occideritnet,
1285 2644 1405 2709 Oenidit.

428 2742 500 2803 ,lure
512 2762 551 2801 sn
564 2742 690 2819 injuris?
721 2743 806 2804 Nihil
819 2744 858 2803 ad
870 2754 1013 2805 tortorem.
1051 2742 1132 2807 Feoti
1146 2744 1223 2805 enin
1237 2744 1267 2803 in
1281 2743 1405 2819 equuleo

428 2841 557 2917 quaestio
571 2851 620 2913 est,
630 2840 703 2916 juris
716 2839 873 2916 injudicio.

468 2936 575 3001 XXII.
615 2935 713 3012 ¹Qnotl
724 2937 812 3014 igitur
823 2938 854 2997 in
867 2954 954 2997 mose
965 2937 1159 3013 quaerendum
1177 2946 1231 3009 est,
1242 2936 1272 2997 id
1285 2956 1404 3013 egum

389 3047 421 3095 26
429 3034 488 3093 hio:
502 3032 589 3111 ²quod
602 3034 748 3095 tormentis
760 3033 890 3093 inveniro
899 3034 950 3107 vis,
960 3034 990 3095 id
1000 3034 1130 3101 fatemur.
1163 3032 1256 3099 Manu
1269 3052 1341 3093 vero
1353 3052 1403 3093 mr

428 3132 543 3204 miserit,
555 3132 580 3190 si
591 3128 631 3191 ⁸id
644 3131 739 3207 potius
750 3132 872 3209 quaeris,
885 3150 970 3207 qoem
982 3148 1034 3189 cnr
1047 3148 1147 3207 parum
1160 3130 1262 3207 amplis
1276 3130 1403 3191 effecerit

428 3229 569 3306 praemiis,
590 3226 692 3289 ‘neseis
715 3226 823 3287 inimici
842 3226 947 3289 factum
974 3227 1189 3303 reprehendere.
1239 3222 1288 3287 68.
1320 3226 1402 3285 mnis

427 3326 502 3383 enim
523 3326 569 3386 hio
582 3326 674 3397 idem,
687 3325 737 3401 qui
756 3324 852 3385 omnin
871 3340 986 3399 semper
1004 3332 1166 3383 oonstenter
1185 3332 1214 3382 et
1227 3322 1345 3393 fortiter,
1358 3322 1400 3381 Μ.

428 3419 508 3494 cato,
521 3430 550 3481 et
563 3423 636 3481 dixit
655 3423 686 3480 in
705 3422 868 3481 turbulente
886 3420 1025 3489 contione,
1037 3436 1111 3495 quae
1130 3426 1225 3477 mosen
1238 3418 1400 3493 hojussno

387 3519 539 3579 sotor-itate
559 3518 672 3596 plooete
691 3527 743 3589 est,
756 3536 813 3575 non
832 3517 964 3577 liberere
984 3514 1083 3585 solum,
1097 3514 1147 3573 sed
1166 3515 1252 3573 etism
1271 3515 1399 3572 omnibus

426 3616 561 3692 praemiis
585 3616 763 3694 dignissimos
778 3612 881 3685 ,fuisse
901 3613 951 3689 qui
971 3610 1077 3671 domini
1097 3622 1182 3687 oopnt
1201 3610 1400 3669 defendissent.

428 3710 512 3787 Quod
526 3712 602 3773 enim
622 3713 780 3788 praemium
799 3710 868 3771 satie
888 3728 1023 3787 magnum
1042 3716 1088 3769 est
1099 3717 1158 3767 tem
1173 3706 1329 3787 benevolis,
1342 3720 1400 3767 tem

426 3810 516 3880 bonis,
529 3819 587 3870 tem
601 3808 731 3867 fidelibus
744 3806 843 3878 servis,
854 3815 972 3883 propter
984 3823 1056 3882 quos
1070 3802 1164 3864 vivit?
1203 3801 1280 3861 ⁵Etsi
1297 3804 1326 3861 id
1340 3805 1400 3879 qoi-

426 3906 491 3964 dem
504 3924 562 3964 non
575 3904 645 3964 tanti
658 3912 711 3973 est,
724 3922 810 3979 qoam
829 3904 903 3978 quod
917 3898 1044 3979 ‘propter
1061 3902 1174 3963 eosdem
1191 3918 1248 3959 non
1262 3900 1398 3975 sangnine

387 4008 456 4062 eset
481 4000 647 4058 vulneribus
671 3998 729 4057 suis
752 3997 939 4057 erudelissimi
966 3998 1071 4057 inimici
1098 4004 1220 4057 mentem
1247 3995 1400 4071 oeulosqne

425 4096 547 4155 ntiavit
594 4094 673 4170 Quos
692 4092 747 4153 nisi
767 4094 984 4165 manumisisset,
1004 4094 1150 4153 tormentis
1170 4094 1257 4152 etiem
1277 4092 1398 4153 dedendi

425 4191 542 4253 fuerunt
571 4201 785 4253 eonematores
811 4190 925 4263 domini,
953 4190 1059 4251 ultores
1084 4190 1210 4261 soeleris,
1237 4190 1399 4251 defensores
