3317 4984
719 555 880 600 utrumn
1110 550 1114 556 '
1254 542 1308 600 179

262 719 336 786 tute,
349 733 425 774 eum
441 718 570 778 modesto
582 716 701 796 pudore,
709 735 775 776 uum
785 717 938 776 mnoeente
944 714 1118 776 abstinentia
1127 717 1271 776 oertsbet:

263 827 330 868 esse
357 829 458 888 quem
479 814 571 874 videri
594 815 686 872 bonus
707 813 853 872 melebet:
883 813 925 872 ite
950 831 1009 888 quo
1034 812 1130 870 minus
1155 814 1271 890 petebat

262 906 408 984 gloriam,
424 928 462 968 eo
474 911 567 987 magis
580 909 664 968 illum
676 907 870 985 'sequebatun

305 1001 379 1062 Lv.
428 1005 598 1084 Postquam,
619 1014 651 1064 ut
670 1006 740 1078 dixi,
761 1015 876 1064 sensum
896 1002 937 1062 ¹in
962 1002 1080 1064 catonis
1100 1005 1270 1064 sententiam

263 1099 417 1174 dieoessit,
432 1103 532 1162 consul
552 1111 701 1180 optumum
715 1101 805 1162 leuto·
817 1111 897 1162 retus
913 1110 1034 1174 nostem,
1048 1119 1123 1177 quse
1136 1102 1269 1175 insubm,
1293 1115 1308 1161 t

263 1203 463 1274 anteuspere,
475 1197 524 1258 ¹ne
544 1195 627 1275 quid'³
647 1217 683 1258 eo
703 1199 795 1275 spatio
815 1209 980 1271 novaretur,
997 1194 1183 1269 ⁸triumviros,
1194 1215 1270 1273 quse

264 1293 456 1369 supplicium
466 1295 635 1372 postulabat,
644 1313 747 1371 perure
756 1293 853 1369 jubet:
867 1291 949 1370 ipse,
958 1293 1102 1370 disposiu's
1111 1293 1271 1369 praesidiis,

264 1386 440 1450 Lentulum
453 1392 485 1449 in
499 1409 644 1453 terrerem
658 1389 787 1448 deducit:
807 1391 886 1449 idem
899 1391 932 1448 tlt
941 1390 1044 1448 ueteris
1052 1407 1106 1466 per
1114 1397 1270 1466 praetorne

267 1481 327 1543 Est
340 1485 375 1544 in
392 1505 512 1546 eernere
525 1488 612 1560 loeus,
625 1486 714 1562 quud⁰
727 1485 896 1544 Tullianum
908 1485 1078 1562 appellatur,
1087 1482 1149 1542 ‘ubi
1158 1485 1271 1561 paullu-

264 1579 329 1638 lum
352 1579 539 1642 usoenderie‘¹
559 1583 596 1642 ud
617 1583 750 1654 laevem·
770 1581 886 1640 nimiter
905 1581 1054 1640 duodecim
1073 1581 1162 1658 pedes
1181 1576 1310 1641 humi‘lo

265 1676 443 1754 depressus.
491 1679 570 1739 Eum
589 1679 723 1738 muniunt
743 1677 872 1754 undique
892 1677 1027 1755 periotes,
1046 1685 1133 1753 etque
1152 1677 1272 1755 insuper

263 1767 406 1834 ‘semera
433 1776 554 1854 lapideis
582 1774 738 1835 fornicibus
763 1774 880 1842 vinem
913 1773 964 1832 sed
987 1768 1114 1844 'ineulm
1137 1773 1271 1846 tenebris,

267 1869 363 1929 odore
386 1871 474 1932 foede
494 1881 580 1950 etque
601 1871 736 1932 terribilis
757 1870 821 1948 ejus
841 1869 930 1930 feeies
948 1878 1000 1929 est.
1040 1868 1078 1926 In
1090 1887 1157 1928 eum
1176 1869 1270 1928 loeum

266 1975 433 2042 postquem
447 1968 586 2028 demissus
605 1976 649 2028 est
669 1966 820 2040 Lentulus,
833 1966 961 2026 viudioes
981 1983 1078 2024 rerum
1098 1965 1271 2041 espitnlium,

268 2062 384 2138 qmlrus
398 2073 584 2142 praeseptum
597 2071 668 2135 erat,
677 2063 781 2138 laqueo
795 2062 894 2140 guum
905 2059 1028 2139 fregere.
1068 2059 1117 2119 Ita
1125 2060 1174 2118 ille
1183 2062 1270 2138 puni·
1279 2075 1310 2122 lu

269 2157 336 2216 eius
347 2177 392 2218 ex
402 2169 488 2237 gente
499 2160 666 2219 elurissum
678 2157 888 2231 Corneliorum,
895 2157 946 2234 qui
956 2157 1107 2216 eonsulure
1116 2157 1271 2234 imperium

272 2252 394 2316 Romew
408 2257 557 2330 habuerat,
570 2257 689 2334 dignum
703 2256 829 2316 muribus
843 2253 984 2330 festisque
998 2254 1058 2313 suis
1071 2255 1183 2312 exitum
1192 2254 1271 2314 ritae

271 2349 401 2410 invenit
450 2351 497 2410 De
526 2349 662 2430 Cethego,
689 2349 811 2424 Statilio,
840 2347 974 2422 Gabinio,
1001 2347 1143 2426 cooperio
1168 2350 1272 2410 eudem

273 2447 364 2507 modo
379 2448 552 2526 supplicium
565 2456 711 2526 sumptum
724 2455 776 2508 est

317 2541 405 2602 LVI.
446 2543 526 2602 Dum
539 2562 575 2602 eu
589 2543 700 2602 Romae
711 2553 859 2622 geruntur,
870 2541 996 2603 Catilina
1012 2540 1063 2602 ¹ex
1083 2545 1162 2604 omni
1179 2545 1310 2622 uupietu

275 2659 370 2716 quem
383 2649 412 2700 et
431 2642 493 2718 ipse
513 2641 676 2700 adduxerat
688 2651 718 2702 et
738 2641 868 2702 Manlius
888 2643 1038 2717 habuerat,
1051 2645 1123 2704 dues
1142 2646 1270 2723 legiones

275 2737 413 2812 instituit,
434 2739 564 2798 eohortes
589 2758 643 2816 pro
663 2757 783 2798 numero
804 2739 928 2798 militum
950 2741 1092 2818 eomplet;
1112 2741 1226 2815 deiude,
1238 2752 1272 2800 ut

277 2835 404 2910 quisque
419 2835 595 2894 voluntarius
609 2844 661 2894 sut
674 2853 713 2894 ex
728 2833 822 2894 ¹souiiu
842 2836 873 2893 iu
887 2844 982 2896 eastre
993 2833 1134 2910 'venant
1145 2839 1272 2915 nequali-

278 2938 325 2987 ter
346 2931 538 3004 distribuerat,
558 2949 594 2990 eo
612 2932 695 2990 brevi
716 2932 808 3008 spatio
828 2932 956 3009 legiones
975 2932 1105 2994 ‘numeru
1124 2937 1272 2996 hominum

280 3027 460 3104 expleverat,
473 3047 561 3104 quum
575 3028 656 3086 initio
670 3047 727 3088 non
739 3029 863 3106 emplius
872 3029 984 3090 duobus
993 3034 1108 3091 milibus
1116 3035 1270 3105 habuisset.
1279 3049 1311 3096 eu

281 3121 342 3183 Sed
357 3143 395 3184 ex
409 3126 486 3182 omni
500 3126 583 3202 eopia
596 3126 710 3186 eireiter
723 3147 790 3205 pers
806 3139 910 3206 quarte
922 3143 987 3193 eret
998 3134 1170 3192 militaribus
1182 3135 1272 3194 ermis

280 3223 437 3282 instructu:
458 3224 554 3294 ueteri,
577 3233 610 3282 ut
634 3243 777 3304 quemque
800 3249 884 3290 cesus
906 3245 1078 3306 armet-eret,
1102 3253 1201 3311 sperus
1221 3244 1272 3294 eut

281 3318 405 3390 hnoees,
417 3317 478 3376 ⁸ulii
492 3329 659 3396 praeacutas
676 3315 760 3382 sudei
775 3329 935 3401 portabunt.
976 3327 1036 3388 Sed
1049 3337 1199 3406 postquem
1209 3329 1272 3388 An·

281 3417 377 3475 ionius
403 3435 469 3475 cum
496 3419 626 3476 exercitu
655 3424 837 3498 adventabat,
863 3427 989 3488 Catilina
1015 3449 1068 3508 per
1087 3439 1197 3488 montes
1216 3429 1272 3487 iter

281 3511 405 3580 faoere't
426 3513 510 3570 modo
529 3515 568 3572 nd
595 3520 705 3591 urbem,
725 3523 810 3582 modo
830 3525 861 3582 in
883 3523 1009 3585 Gellium
1029 3521 1152 3594 versus,b
1177 3533 1311 3586 menses

282 3627 417 3688 moveres
440 3611 568 3670 hostibus
589 3619 766 3679 occasionem
786 3623 934 3700 pugnandi
954 3642 1011 3681 non
1031 3623 1122 3690 darm
1152 3639 1272 3700 sperma

318 3777 462 3834 H.-Lv.
494 3781 1304 3850 otuu1.-·seu‚e.-·ue,s.-¹⁴s⁵.-·ur,e-

287 3861 296 3892 t

302 3865 394 3990 ⁴i⁴ii
421 3945 526 4001 oser.

319 4019 541 4076 ntra-w.
574 4019 830 4085 ¹ursan-rsus,
849 4024 1017 4088 (et-uos,
1036 4027 1224 4091 (rut-‘sue
1237 4029 1269 4080 n.
1282 4033 1303 4090 t,

292 4099 787 4164 (s).-·205,R7,(1).-¹221‚Ru.

320 4179 391 4231 Im.
424 4179 774 4244 moene-*ssent
