3317 4984
604 559 806 615 quartano
828 560 897 607 cos

411 812 473 875 Μ.
495 814 619 877 domo
641 815 672 878 S.
694 816 732 881 D.
754 814 790 893 Q.
810 817 971 877 Murano
993 816 1068 879 cos.

222 974 254 1029 1.
278 970 450 1035 Litterae
476 976 577 1052 Quinti
597 976 693 1037 fratris
712 985 743 1037 et
762 976 797 1037 T.
816 976 978 1055 Pomponii,
990 978 1141 1037 neeessarii
1154 980 1223 1050 mei,

176 1076 306 1127 tantum
332 1072 414 1146 spei
437 1073 591 1145 dederant,
604 1082 637 1133 ut
650 1074 680 1131 in
693 1082 723 1133 te
735 1092 793 1131 non
805 1074 901 1136 miuus
914 1074 1016 1131 auxilii
1029 1092 1115 1149 quam
1128 1074 1158 1131 in
1171 1084 1221 1133 tuo

181 1164 308 1243 eollega
328 1167 425 1225 mihi
453 1169 637 1229 eonstitutum
657 1168 753 1229 fuerit
794 1167 897 1244 Itaque
909 1169 948 1227 ad
960 1177 989 1227 te
1001 1168 1112 1227 litteras
1125 1170 1220 1227 statim

180 1262 265 1333 misi,
288 1280 355 1339 per
371 1284 472 1340 quas,
485 1273 518 1325 ut
530 1264 646 1325 fortuna
664 1265 835 1342 postuhbst,
848 1272 878 1323 et
896 1266 1003 1341 gratias
1016 1264 1068 1323 tibi
1081 1264 1127 1341 egi
1141 1274 1170 1323 et
1183 1266 1219 1323 de

185 1356 311 1433 reliquo
321 1366 482 1438 tempore
490 1360 631 1420 auxilium
642 1358 720 1437 petii.
754 1359 862 1419 Postea
870 1359 942 1417 mihi
951 1378 1009 1417 nou
1019 1369 1079 1417 tam
1089 1379 1219 1419 meorum
1242 1376 1258 1421 a

185 1453 315 1513 litteras
325 1474 440 1531 quam
454 1476 601 1520 moues
615 1474 724 1529 eorum,
733 1457 784 1533 qui
798 1457 921 1515 liariter
934 1455 1083 1527 faciebant,
1092 1457 1218 1514 animum

191 1558 281 1609 tuum
300 1550 514 1613 immutatum
536 1554 750 1631 significabantt
771 1572 846 1629 quae
859 1571 907 1611 res
919 1551 994 1624 feeit,
1007 1561 1040 1611 ut
1052 1552 1103 1611 tibi
1117 1553 1218 1611 litteris

191 1647 385 1725 obsnepere
401 1670 466 1712 non
481 1652 625 1711 auderem.
668 1652 695 1709 2.
715 1650 802 1709 Nuuo
812 1650 885 1709 mihi
900 1648 1023 1723 Quintus
1035 1648 1125 1707 fiatur
1136 1668 1218 1708 meus

196 1742 403 1805 mitissimam
428 1758 509 1807 tuam
528 1748 697 1819 orationem,
710 1764 798 1823 quam
819 1746 850 1803 in
870 1755 970 1805 senatu
983 1746 1140 1817 habuisses,
1153 1764 1217 1823 per·

197 1838 346 1913 arripuit3
369 1860 440 1917 qua
458 1843 590 1901 induetus
610 1842 650 1901 ad
666 1851 696 1901 te
714 1842 842 1903 seribere
854 1860 918 1901 aum
932 1850 1058 1913 mustus,
1071 1841 1164 1899 etabs
1178 1850 1256 1913 telo

202 1942 355 2007 quantum
379 1933 449 1995 ¹tua
467 1936 524 1995 fert
544 1937 683 2009 voluutas,
703 1946 771 2014 peto
791 1955 965 2013 quaesoque,
978 1946 1011 1994 ut
1027 1944 1091 1994 tuos
1103 1954 1217 1994 meeum

202 2044 308 2088 wrves
323 2033 435 2107 potius
448 2052 535 2109 quam
555 2042 673 2110 propter
689 2042 871 2111 arrogantem
884 2028 1080 2091 crudelitatem
1093 2028 1216 2095 'tuorum

205 2142 253 2183 me
273 2144 451 2205 oppugnes.
491 2128 547 2201 Tu,
567 2137 631 2189 turae
652 2130 814 2191 iuimioitias
834 2139 868 2189 ut
886 2130 930 2189 rei
941 2129 1073 2207 publicae
1086 2128 1216 2199 donares,

206 2228 235 2279 te
249 2222 375 2281 vidisti:
398 2225 510 2283 alienas
523 2234 556 2284 ut
569 2234 669 2285 eontra
682 2245 744 2287 rem
762 2227 909 2304 publiusm
921 2226 1080 2299 oonfirmes,
1093 2224 1216 2283 adduce·

209 2314 272 2375 risi
317 2318 441 2394 Quodsi
461 2320 533 2379 mihi
553 2330 605 2381 tua
625 2322 777 2405 elementia
797 2340 883 2399 opem
902 2321 1009 2393 tuleris,
1029 2320 1160 2378 omnibus
1182 2318 1254 2377 ints

210 2413 301 2472 rebus
311 2432 367 2474 me
381 2415 446 2475 fore
460 2412 500 2474 in
513 2426 566 2477 tua
585 2426 727 2494 potestate
741 2418 794 2477 tibi
806 2419 959 2486 oouiirmo;
980 2418 1023 2475 sin
1036 2416 1108 2473 mihi
1121 2432 1214 2490 neque

213 2512 425 2589 magistratum
441 2532 536 2593 neque
550 2526 681 2577 seam
695 2536 789 2593 neque
802 2517 939 2595 populum
951 2515 1085 2575 auxiliari
1098 2524 1215 2591 propter

215 2626 280 2667 eam
293 2610 370 2683 vim,
379 2630 456 2687 quae
466 2630 513 2671 me
523 2630 589 2673 oum
599 2631 632 2671 re
643 2613 758 2689 publiea
767 2613 844 2685 vicit,
853 2613 973 2683 licuerit,
984 2612 1059 2682 vide,
1067 2629 1113 2681 ue,
1123 2628 1214 2685 quum

217 2704 289 2763 velis
313 2725 459 2767 revouare
481 2716 595 2785 tempus
618 2709 747 2767 omnium
768 2708 1016 2779 reservandomm,
1035 2725 1134 2782 quum,
1153 2702 1213 2779 ‘qui

219 2808 364 2872 metue,
377 2818 436 2862 nou
450 2803 514 2877 erit,
527 2822 585 2863 nou
599 2804 697 2881 possis
738 2804 822 2865 Vale.
1219 2810 1252 2859 ao

549 3128 816 3192 EPISTOLA
856 3130 931 3189 X!

523 3272 588 3337 (aa.
610 3274 706 3325 aomo
727 3273 761 3323 a
782 3272 815 3323 u.
838 3270 867 3323 c.
888 3272 955 3335 aar.)

580 3400 706 3462 ciorum
727 3401 853 3461 Arnoo
874 3398 906 3460 8„

267 3532 292 3589 1.
313 3530 412 3607 Quum
433 3532 557 3608 primum
579 3530 702 3589 Romam
723 3530 797 3601 veui,
817 3528 936 3603 fuitque,
956 3527 1003 3586 oui
1022 3534 1099 3587 reote
1118 3526 1156 3586 ad
1181 3535 1212 3585 te

229 3623 334 3687 litteras
348 3628 457 3700 darem,
470 3628 542 3685 nihil
556 3628 635 3705 prius
649 3626 811 3685 faciendum
824 3626 894 3682 mihi
905 3624 1012 3701 putavi,
1022 3642 1108 3698 quam
1118 3631 1150 3681 ut
1159 3622 1212 3681 tibi

231 3722 336 3783 alenti
350 3724 387 3783 de
401 3724 494 3783 reditu
508 3736 604 3785 nostro
613 3726 781 3803 gratularer.
824 3720 986 3798 cognoram
999 3721 1084 3790 enim,
1097 3728 1130 3777 ut
1143 3738 1212 3778 vere

231 3820 357 3891 scribam,
366 3816 405 3879 ¹te
420 3821 448 3877 in
463 3822 586 3879 oonsiliis
600 3822 670 3878 mihi
685 3821 785 3879 dandis
795 3816 859 3877 'nec
869 3816 1016 3877 fortiorem
1025 3834 1079 3873 neo
1089 3816 1213 3891 pruden-

233 3912 325 3975 tiorem
340 3936 428 3994 quam
441 3936 489 3976 me
502 3919 604 3994 ipsum,
617 3936 671 3977 neo
685 3919 781 3989 etiam,
800 3936 854 3995 pro
873 3917 1028 3994 praeterita
1047 3933 1113 3973 mea
1132 3913 1162 3969 iu
1182 3922 1251 3971 teas

232 4008 416 4085 observantia,
424 4014 544 4071 nimium
553 4014 582 4070 iu
594 4013 722 4072 oustodia
731 4013 829 4072 salutis
839 4032 922 4073 meae
931 4012 1115 4088 diligentem
1132 4005 1213 4066 'euu-

627 4180 862 4234 *aruum
