3317 4984
616 562 650 603 rr.
670 560 855 606 menneo.
1193 546 1250 605 829

178 720 360 797 praeclare
386 722 526 793 memini;
546 723 598 782 sed
617 722 694 781 idem
714 723 801 781 etiem
821 722 953 796 iileridi,
965 742 1059 800 nequa
1073 731 1102 782 te
1122 723 1213 783 oonsi-
1279 782 1283 788 ,

176 814 262 875 lium
274 818 396 877 civilis
410 819 478 878 belli
490 819 532 876 ita
544 818 662 897 gerendi
672 836 726 877 nec
735 818 832 895 copiae
845 816 897 877 Cn.
909 818 1042 896 Pompeii
1052 837 1107 877 neo
1119 837 1210 895 genus

180 915 359 973 exereitus
378 917 503 993 probare
515 932 685 992 semperque
699 933 810 973 summe
823 914 970 984 diffidere;
990 934 1048 990 qua
1056 916 1088 972 in
1097 924 1211 974 senten-

180 1009 230 1068 tia
239 1028 299 1069 me
312 1028 445 1087 quoque
455 1010 543 1070 fuisse
553 1011 691 1069 memoria
700 996 799 1069 tenere
809 1018 839 1069 te
848 1011 980 1069 arbitror.
1003 1011 1107 1087 Imque
1116 1031 1211 1088 neque

181 1114 220 1163 tn
244 1106 397 1165 multum
411 1105 564 1165 interfuisti
577 1106 663 1165 rebus
676 1106 810 1183 gerendis
824 1114 854 1165 et
867 1124 921 1183 ego
933 1106 964 1164 id
977 1125 1091 1183 semper
1104 1108 1161 1184 egi,
1173 1125 1211 1165 ne
1235 1120 1251 1167 t

183 1202 401 1261 interessem.
442 1202 510 1261 Non
530 1203 607 1261 enim
619 1202 655 1260 iis
673 1203 759 1261 rebus
778 1204 984 1279 pugnabamus,
998 1204 1100 1277 quibus
1114 1203 1212 1262 valere

186 1308 396 1374 poteramus,
410 1299 535 1372 oonsilio,
549 1298 725 1371 auctoritate,
740 1318 835 1370 eausa,
845 1317 920 1374 quae
933 1307 1016 1356 erent
1026 1299 1057 1355 in
1070 1289 1213 1358 nobiseu-

188 1396 339 1471 periora,
349 1398 406 1455 sed
416 1396 530 1455 lseertis
538 1404 568 1455 et
576 1396 693 1467 viribus,
701 1396 805 1470 quibus
815 1413 900 1471 pmes
909 1414 968 1452 non
978 1412 1100 1453 eramus.
1133 1394 1213 1453 Vioti

192 1510 311 1550 sumus
337 1493 439 1571 igitur,
453 1501 511 1563 aut,
524 1492 550 1550 ei
563 1492 640 1550 vinei
661 1490 784 1567 dignitas
797 1508 856 1549 non
875 1499 976 1566 potest,
989 1489 1073 1548 fracti
1093 1500 1170 1549 certe
1183 1498 1214 1550 et

191 1585 330 1663 abjecti.
378 1588 416 1646 In
430 1607 487 1663 quo
498 1598 578 1645 tuum
588 1586 736 1647 eonsilium
750 1604 836 1645 nemo
845 1594 938 1661 potest
947 1604 1004 1643 non
1014 1586 1140 1645 maxime
1150 1586 1253 1646 iau-10

195 1682 288 1755 dare,
303 1684 393 1759 quod
414 1702 479 1742 oum
503 1701 554 1759 epe
568 1682 701 1741 vinoendi
722 1681 807 1739 simui
829 1680 959 1756 abjecisti
978 1681 1106 1739 certandi
1126 1681 1213 1739 etium

196 1780 409 1856 cupiditatem
430 1780 638 1855 ostendistique
659 1778 818 1855 sapientem
840 1785 871 1835 et
889 1778 996 1835 bonnm
1020 1777 1113 1835 civem
1132 1777 1214 1836 initia

199 1874 278 1933 belii
295 1876 399 1934 civilis
412 1876 535 1933 invitum
549 1876 703 1951 suscipere,
712 1882 844 1933 extreme
857 1872 981 1931 libenter
991 1891 1049 1931 non
1070 1874 1214 1949 persequi.

201 1970 233 2028 3.
257 1969 331 2046 Qui
352 1992 410 2029 non
428 1972 507 2029 idem'
518 1970 676 2043 eonsilium,
689 1970 766 2045 quod
779 1978 820 2043 tu,
833 1970 924 2028 seouti
937 1978 1011 2041 sunt,
1025 1988 1073 2027 eos
1085 1970 1170 2027 video
1183 1971 1214 2027 in

205 2068 269 2127 duo
284 2088 405 2145 genera
418 2086 481 2126 esse
491 2068 649 2127 <lintrem
691 2066 754 2125 Aut
764 2067 842 2125 enim
852 2084 992 2125 renovare
1002 2065 1110 2124 bellum
1119 2066 1213 2124 eonati
1222 2078 1253 2126 tt

206 2173 290 2237 eunt,
314 2165 409 2241 bique
430 2184 461 2223 se
481 2165 511 2221 in
532 2163 664 2223 Atrinum
684 2163 885 2231 eontrdemnt3
903 2171 962 2235 aut,
975 2162 1214 2237 quemadmodum

209 2278 275 2332 noe,
289 2260 401 2319 victori
414 2278 478 2318 sese
491 2260 681 2318 erediderunt.
722 2257 856 2316 Medium
865 2257 1010 2333 qnoddnm
1020 2266 1102 2315 tuum
1112 2256 1214 2315 oonsil-

209 2356 276 2413 ium
290 2354 360 2427 fuit,
373 2356 423 2431 qui
436 2355 492 2414 boe
503 2354 625 2413 sortasse
638 2354 753 2412 humilii
764 2354 854 2411 enimi
863 2354 993 2424 duceres,
1003 2352 1075 2410 illud
1087 2352 1212 2429 pertine·

213 2451 265 2509 tiis.
312 2451 424 2510 Fateor
436 2470 454 2509 a
467 2452 619 2527 plerisque,
633 2449 681 2512 vel
695 2450 788 2508 dicam
801 2450 840 2507 ab
852 2448 992 2520 ommbus,
1005 2447 1121 2523 sapiens
1132 2456 1215 2506 tuum

208 2549 383 2620 eonsilium,
402 2566 422 2606 ιι
440 2548 538 2605 multis
559 2546 647 2605 etiam
666 2546 764 2623 magni
784 2564 819 2604 ae
839 2544 921 2603 fortis
941 2544 1029 2603 animi
1045 2542 1254 2619 judieatumto

218 2642 282 2705 Sed
295 2646 387 2703 habet
399 2640 465 2703 'ista
483 2643 566 2715 ratio,
579 2651 612 2701 ut
631 2642 702 2699 mibi
722 2642 841 2718 quidem
854 2641 978 2712 videtur,
991 2641 1135 2715 quendam
1154 2660 1216 2699 mo·

217 2739 310 2809 dnm3
332 2739 501 2817 praesertim
515 2756 605 2814 quum
625 2738 679 2797 tibi
692 2738 764 2795 nibil
778 2737 879 2816 deesse
891 2737 1015 2795 arbitrer
1026 2735 1067 2795 ed
1080 2744 1145 2794 tuae
1157 2734 1215 2795 ior·

219 2844 308 2895 tunes
322 2854 420 2895 omnes
433 2834 601 2897 obtinendas
621 2842 737 2911 praeter
750 2834 934 2893 voluntatem
978 2830 1029 2891 Sia
1042 2831 1120 2889 enim
1132 2831 1215 2890 intei-

219 2932 292 3005 lexi‚
301 2932 376 2990 nihii
388 2930 466 2990 aliud
479 2930 632 3006 esse,un
643 2929 850 2987 dubitationem
863 2926 978 2986 efferret
986 2928 1022 2997 ei,
1031 2945 1120 3003 penes
1128 2945 1215 3003 quem

222 3038 267 3087 eet
279 3038 416 3106 potestas,
429 3028 483 3086 nisi
496 3027 574 3103 quod
587 3034 743 3099 vereretur,
757 3044 795 3085 ne
808 3035 841 3085 tu
853 3026 925 3083 illud
938 3026 1110 3084 beneficium
1123 3026 1213 3084 omni·
1221 3038 1253 3087 2⁶

222 3142 261 3184 no
273 3144 333 3183 non
353 3132 478 3203 putares.
521 3122 639 3198 Dequo
652 3122 722 3198 quid
743 3122 873 3195 sentium,
884 3118 968 3178 ‘nihil
987 3121 1090 3180 attinet
1109 3122 1214 3195 dieere,

224 3238 315 3297 quum
325 3228 471 3299 appareat,
480 3220 542 3296 ipse
552 3218 622 3294 quid
631 3216 758 3277 fecerim
794 3220 821 3279 4.
837 3217 896 3278 Sed
905 3217 1018 3276 tametsi
1025 3215 1087 3293 jam
1096 3218 1139 3277 ita
1148 3236 1214 3278 oon·

224 3318 375 3389 stiterisees,
388 3326 420 3375 ut
433 3318 532 3377 abesse
545 3326 685 3393 perpetuo
699 3318 799 3377 malles
810 3336 898 3395 quum
911 3337 956 3390 ea,
971 3336 1045 3393 qnae
1059 3318 1158 3388 nolles,
1172 3317 1215 3375 vi·

225 3414 309 3483 dere3
321 3424 417 3473 tamen
426 3414 457 3470 id
464 3412 589 3488 rogitare
599 3398 729 3486 deberes,
738 3415 900 3491 ubieunque
911 3433 998 3485 essee,
1006 3422 1035 3472 te
1043 3412 1105 3472 sore
1113 3414 1143 3471 in
1152 3413 1214 3491 ejus

225 3512 324 3589 ipsine,
333 3529 420 3587 quem
429 3508 551 3587 fugeres,
561 3518 709 3587 potesate
751 3512 811 3588 Qui
820 3515 846 3573 si
855 3512 940 3573 futile
949 3532 1087 3591 pessume
1096 3522 1211 3573 essetta
1221 3524 1255 3575 tt

227 3617 370 3668 urentem
380 3608 476 3684 patria
485 3618 515 3667 et
525 3608 645 3670 fortunis
655 3613 712 3672 tuis
722 3614 819 3689 quiete
833 3624 862 3674 et
871 3615 961 3674 bbere
972 3616 1080 3687 vivere,
1089 3616 1214 3692 eogitan·

227 3704 294 3763 dnm
306 3705 357 3763 tibi
369 3712 465 3763 tamen
476 3716 550 3766 esset
562 3708 709 3768 Romaene
720 3717 750 3769 et
758 3710 834 3769 domi
843 3708 1103 3784 tuae⁸euieuimodi
1112 3729 1159 3769 res
1170 3729 1214 3769 ee·

229 3810 279 3873 tet,
286 3818 323 3861 en
334 3800 485 3879 Mitylenis
498 3814 548 3864 aut
562 3805 659 3865 Rhodi
671 3806 774 3865 mallee
785 3807 893 3866 vivere.
936 3805 995 3867 Sed
1004 3826 1093 3883 quum
1106 3807 1147 3865 ita
1156 3806 1215 3865 lete

229 3904 325 3971 puteat
338 3895 400 3971 ejus
413 3910 547 3975 potestne,
560 3919 646 3976 quem
660 3918 802 3973 veremur,
812 3911 845 3959 ut
857 3910 999 3961 terrerum
1019 3903 1119 3961 orbem
1138 3920 1214 3960 oom-

230 3992 315 4069 plexe
323 3998 369 4067 sit,
377 4016 472 4057 nonne
485 3998 578 4057 mavis
592 3998 654 4057 sine
667 3997 794 4076 perieub
806 4006 873 4057 tneo
883 3998 961 4056 domi
973 4016 1038 4057 ease
1047 4016 1135 4073 qnam
1148 4015 1212 4057 enm
1220 4010 1254 4058 tr

231 4093 354 4167 periente
364 4092 494 4153 niienae?
514 4092 784 4170 Equidem,etiamsi
794 4094 955 4170 oppetenda
965 4092 1214 4163 moraessetdomi

232 4198 314 4268 atque
332 4190 363 4248 in
381 4190 475 4269 petria
494 4188 608 4248 mallem
627 4206 715 4265 qnam
728 4188 759 4247 in
773 4190 901 4249 externis
914 4198 1001 4265 etque
1013 4188 1115 4248 alienis
1135 4187 1213 4247 loeis-
