<?xml version="1.0" encoding="UTF-8"?>
<!DOCTYPE html PUBLIC "-//W3C//DTD XHTML 1.0 Transitional//EN"
    "http://www.w3.org/TR/xhtml1/DTD/xhtml1-transitional.dtd">
<html xmlns="http://www.w3.org/1999/xhtml" xml:lang="en" lang="en">
 <head>
  <title>
</title>
<meta http-equiv="Content-Type" content="text/html;charset=utf-8" />
  <meta name='ocr-system' content='tesseract 3.04.00' />
  <meta name='ocr-capabilities' content='ocr_page ocr_carea ocr_par ocr_line ocrx_word'/>
</head>
<body>
  <div class='ocr_page' id='page_1' title='image "./preparatorylati00hansgoog_0861.png"; bbox 0 0 3317 4984; ppageno 0'>
   <div class='ocr_carea' id='block_1_1' title="bbox 364 492 934 596">
    <p class='ocr_par' dir='ltr' id='par_1_1' title="bbox 364 492 934 596">
     <span class='ocr_line' id='line_1_1' title="bbox 364 492 934 596; baseline 0 -1"><span class='ocrx_word' id='word_1_1' title='bbox 364 532 423 595; x_wconf 80' lang='lat'>880</span> <span class='ocrx_word' id='word_1_2' title='bbox 766 492 772 503; x_wconf 32' lang='grc' dir='ltr'>Ι</span> <span class='ocrx_word' id='word_1_3' title='bbox 814 550 934 596; x_wconf 75' lang='lat' dir='ltr'>onsrro</span> 
     </span>
    </p>
   </div>
   <div class='ocr_carea' id='block_1_2' title="bbox 322 706 1386 4243">
    <p class='ocr_par' dir='ltr' id='par_1_2' title="bbox 403 706 1384 791">
     <span class='ocr_line' id='line_1_2' title="bbox 403 706 1384 791; baseline -0.003 -21"><span class='ocrx_word' id='word_1_4' title='bbox 403 711 544 772; x_wconf 82' lang='lat' dir='ltr'>Milonem</span> <span class='ocrx_word' id='word_1_5' title='bbox 569 713 808 791; x_wconf 73' lang='lat' dir='ltr'>appropinquare.</span> <span class='ocrx_word' id='word_1_6' title='bbox 862 712 941 771; x_wconf 80' lang='lat' dir='ltr'>Nam</span> <span class='ocrx_word' id='word_1_7' title='bbox 966 712 1037 789; x_wconf 88' lang='lat' dir='ltr'>quid</span> <span class='ocrx_word' id='word_1_8' title='bbox 1062 710 1098 771; x_wconf 90' lang='lat' dir='ltr'>de</span> <span class='ocrx_word' id='word_1_9' title='bbox 1128 708 1206 789; x_wconf 78' lang='lat' dir='ltr'>Cyro</span> <span class='ocrx_word' id='word_1_10' title='bbox 1232 706 1384 779; x_wconf 73' lang='lat' dir='ltr'>nuntiaret,</span> 
     </span>
    </p>

    <p class='ocr_par' dir='ltr' id='par_1_3' title="bbox 404 802 1384 885">
     <span class='ocr_line' id='line_1_3' title="bbox 404 802 1384 885; baseline -0.006 -18"><span class='ocrx_word' id='word_1_11' title='bbox 404 828 490 885; x_wconf 88' lang='lat' dir='ltr'>quem</span> <span class='ocrx_word' id='word_1_12' title='bbox 525 807 642 868; x_wconf 82' lang='lat' dir='ltr'>Clodius</span> <span class='ocrx_word' id='word_1_13' title='bbox 670 809 764 867; x_wconf 78' lang='lat' dir='ltr'>Romu</span> <span class='ocrx_word' id='word_1_14' title='bbox 795 808 977 885; x_wconf 73' lang='lat' dir='ltr'>proficiscens</span> <span class='ocrx_word' id='word_1_15' title='bbox 1010 808 1165 884; x_wconf 83' lang='lat' dir='ltr'>reliqueret</span> <span class='ocrx_word' id='word_1_16' title='bbox 1192 802 1384 865; x_wconf 81' lang='lat' dir='ltr'>morientem?</span> 
     </span>
    </p>

    <p class='ocr_par' dir='ltr' id='par_1_4' title="bbox 403 900 1384 981">
     <span class='ocr_line' id='line_1_4' title="bbox 403 900 1384 981; baseline -0.005 -17"><span class='ocrx_word' id='word_1_17' title='bbox 403 904 472 964; x_wconf 78' lang='lat' dir='ltr'>Une</span> <span class='ocrx_word' id='word_1_18' title='bbox 490 903 552 971; x_wconf 84' lang='lat' dir='ltr'>fui;</span> <span class='ocrx_word' id='word_1_19' title='bbox 575 913 777 963; x_wconf 70' lang='lat' dir='ltr'>testamentum</span> <span class='ocrx_word' id='word_1_20' title='bbox 797 903 884 962; x_wconf 89' lang='lat' dir='ltr'>simul</span> <span class='ocrx_word' id='word_1_21' title='bbox 903 904 1051 981; x_wconf 71' lang='lat' dir='ltr'><strong>obsignavi</strong></span> <span class='ocrx_word' id='word_1_22' title='bbox 1070 922 1135 961; x_wconf 87' lang='lat' dir='ltr'>oum</span> <span class='ocrx_word' id='word_1_23' title='bbox 1157 900 1277 969; x_wconf 84' lang='lat' dir='ltr'>clodio;</span> <span class='ocrx_word' id='word_1_24' title='bbox 1301 910 1384 959; x_wconf 78' lang='lat' dir='ltr'>teste·</span> 
     </span>
    </p>

    <p class='ocr_par' dir='ltr' id='par_1_5' title="bbox 403 997 1385 1075">
     <span class='ocr_line' id='line_1_5' title="bbox 403 997 1385 1075; baseline -0.002 -18"><span class='ocrx_word' id='word_1_25' title='bbox 403 1007 531 1057; x_wconf 86' lang='lat' dir='ltr'>ruentum</span> <span class='ocrx_word' id='word_1_26' title='bbox 549 1006 647 1058; x_wconf 84' lang='lat' dir='ltr'>eutem</span> <span class='ocrx_word' id='word_1_27' title='bbox 668 999 762 1075; x_wconf 83' lang='lat' dir='ltr'>pulum</span> <span class='ocrx_word' id='word_1_28' title='bbox 781 997 897 1071; x_wconf 83' lang='lat' dir='ltr'>feoerat,</span> <span class='ocrx_word' id='word_1_29' title='bbox 911 1006 940 1057; x_wconf 87' lang='lat' dir='ltr'>et</span> <span class='ocrx_word' id='word_1_30' title='bbox 952 998 1035 1057; x_wconf 85' lang='lat' dir='ltr'>illum</span> <span class='ocrx_word' id='word_1_31' title='bbox 1047 998 1181 1057; x_wconf 85' lang='lat' dir='ltr'>heredem</span> <span class='ocrx_word' id='word_1_32' title='bbox 1195 1006 1225 1055; x_wconf 90' lang='lat' dir='ltr'>et</span> <span class='ocrx_word' id='word_1_33' title='bbox 1237 1015 1284 1055; x_wconf 88' lang='lat' dir='ltr'>me</span> <span class='ocrx_word' id='word_1_34' title='bbox 1298 997 1385 1073; x_wconf 82' lang='lat' dir='ltr'>serip-</span> 
     </span>
    </p>

    <p class='ocr_par' dir='ltr' id='par_1_6' title="bbox 322 1092 1384 1346">
     <span class='ocr_line' id='line_1_6' title="bbox 322 1092 1384 1171; baseline -0.005 -16"><span class='ocrx_word' id='word_1_35' title='bbox 322 1105 325 1112; x_wconf 84' lang='grc'><strong>“</strong></span> <span class='ocrx_word' id='word_1_36' title='bbox 382 1104 489 1155; x_wconf 75' lang='lat' dir='ltr'>tserut.</span> <span class='ocrx_word' id='word_1_37' title='bbox 531 1094 625 1170; x_wconf 81' lang='lat' dir='ltr'>Quem</span> <span class='ocrx_word' id='word_1_38' title='bbox 643 1096 735 1171; x_wconf 82' lang='lat' dir='ltr'>pridie</span> <span class='ocrx_word' id='word_1_39' title='bbox 753 1095 825 1153; x_wconf 84' lang='lat' dir='ltr'>hors</span> <span class='ocrx_word' id='word_1_40' title='bbox 844 1096 928 1154; x_wconf 79' lang='lat' dir='ltr'>tortis</span> <span class='ocrx_word' id='word_1_41' title='bbox 947 1095 1073 1154; x_wconf 82' lang='lat' dir='ltr'>enimam</span> <span class='ocrx_word' id='word_1_42' title='bbox 1092 1094 1236 1152; x_wconf 83' lang='lat' dir='ltr'>efflnntem</span> <span class='ocrx_word' id='word_1_43' title='bbox 1255 1092 1384 1169; x_wconf 79' lang='lat' dir='ltr'>reliquis·</span> 
     </span>
     <span class='ocr_line' id='line_1_7' title="bbox 403 1188 1384 1268; baseline -0.003 -19"><span class='ocrx_word' id='word_1_44' title='bbox 403 1200 455 1262; x_wconf 81' lang='lat' dir='ltr'>set,</span> <span class='ocrx_word' id='word_1_45' title='bbox 466 1210 534 1249; x_wconf 88' lang='lat' dir='ltr'>eum</span> <span class='ocrx_word' id='word_1_46' title='bbox 553 1200 699 1250; x_wconf 88' lang='lat' dir='ltr'>mortuum</span> <span class='ocrx_word' id='word_1_47' title='bbox 717 1190 855 1268; x_wconf 77' lang='lat' dir='ltr'>postridie</span> <span class='ocrx_word' id='word_1_48' title='bbox 873 1191 944 1250; x_wconf 82' lang='lat' dir='ltr'>hore</span> <span class='ocrx_word' id='word_1_49' title='bbox 963 1190 1076 1251; x_wconf 77' lang='lat' dir='ltr'>decim</span> <span class='ocrx_word' id='word_1_50' title='bbox 1087 1190 1210 1265; x_wconf 89' lang='lat' dir='ltr'>denique</span> <span class='ocrx_word' id='word_1_51' title='bbox 1227 1190 1255 1247; x_wconf 87' lang='lat' dir='ltr'>ei</span> <span class='ocrx_word' id='word_1_52' title='bbox 1273 1188 1384 1247; x_wconf 80' lang='lat' dir='ltr'>nuntie·</span> 
     </span>
     <span class='ocr_line' id='line_1_8' title="bbox 402 1285 510 1346; baseline -0.028 0"><span class='ocrx_word' id='word_1_53' title='bbox 402 1285 510 1346; x_wconf 80' lang='lat' dir='ltr'>buturi</span> 
     </span>
    </p>

    <p class='ocr_par' dir='ltr' id='par_1_7' title="bbox 402 1380 1385 1556">
     <span class='ocr_line' id='line_1_9' title="bbox 442 1380 1384 1460; baseline 0 -19"><span class='ocrx_word' id='word_1_54' title='bbox 442 1382 533 1441; x_wconf 85' lang='grc' dir='ltr'><strong>ΧΙΧ.</strong></span> <span class='ocrx_word' id='word_1_55' title='bbox 575 1383 622 1442; x_wconf 82' lang='lat'>49.</span> <span class='ocrx_word' id='word_1_56' title='bbox 641 1380 726 1460; x_wconf 62' lang='lat' dir='ltr'>nge</span> <span class='ocrx_word' id='word_1_57' title='bbox 738 1382 778 1442; x_wconf 91' lang='lat' dir='ltr'>sit</span> <span class='ocrx_word' id='word_1_58' title='bbox 796 1384 840 1443; x_wconf 82' lang='lat' dir='ltr'>ite</span> <span class='ocrx_word' id='word_1_59' title='bbox 856 1381 981 1443; x_wconf 63' lang='lat' dir='ltr'>murm:</span> <span class='ocrx_word' id='word_1_60' title='bbox 1001 1401 1074 1459; x_wconf 85' lang='lat' dir='ltr'>quse</span> <span class='ocrx_word' id='word_1_61' title='bbox 1088 1400 1181 1453; x_wconf 80' lang='lat' dir='ltr'>oense,</span> <span class='ocrx_word' id='word_1_62' title='bbox 1194 1400 1246 1441; x_wconf 88' lang='lat' dir='ltr'>our</span> <span class='ocrx_word' id='word_1_63' title='bbox 1259 1380 1384 1441; x_wconf 83' lang='lat' dir='ltr'>Romsm</span> 
     </span>
     <span class='ocr_line' id='line_1_10' title="bbox 402 1476 1385 1556; baseline 0 -19"><span class='ocrx_word' id='word_1_64' title='bbox 402 1477 589 1556; x_wconf 74' lang='lat' dir='ltr'>properaret?</span> <span class='ocrx_word' id='word_1_65' title='bbox 618 1498 669 1538; x_wconf 87' lang='lat' dir='ltr'>our</span> <span class='ocrx_word' id='word_1_66' title='bbox 687 1481 718 1539; x_wconf 88' lang='lat' dir='ltr'>in</span> <span class='ocrx_word' id='word_1_67' title='bbox 736 1490 851 1540; x_wconf 83' lang='lat' dir='ltr'>noctem</span> <span class='ocrx_word' id='word_1_68' title='bbox 870 1498 901 1539; x_wconf 90' lang='lat' dir='ltr'>se</span> <span class='ocrx_word' id='word_1_69' title='bbox 920 1476 1096 1555; x_wconf 80' lang='lat' dir='ltr'>uonjioeret?</span> <span class='ocrx_word' id='word_1_70' title='bbox 1149 1477 1226 1553; x_wconf 85' lang='lat' dir='ltr'><strong>Quid</strong></span> <span class='ocrx_word' id='word_1_71' title='bbox 1245 1476 1385 1537; x_wconf 78' lang='lat' dir='ltr'>efferebnt</span> 
     </span>
    </p>

    <p class='ocr_par' dir='ltr' id='par_1_8' title="bbox 326 1574 1386 3557">
     <span class='ocr_line' id='line_1_11' title="bbox 365 1574 1386 1651; baseline -0.002 -16"><span class='ocrx_word' id='word_1_72' title='bbox 365 1574 591 1635; x_wconf 73' lang='lat' dir='ltr'>infestinationis</span> <span class='ocrx_word' id='word_1_73' title='bbox 611 1577 688 1651; x_wconf 90' lang='lat' dir='ltr'>quod</span> <span class='ocrx_word' id='word_1_74' title='bbox 706 1577 791 1635; x_wconf 89' lang='lat' dir='ltr'>heres</span> <span class='ocrx_word' id='word_1_75' title='bbox 810 1574 896 1635; x_wconf 81' lang='lat' dir='ltr'>erut?</span> <span class='ocrx_word' id='word_1_76' title='bbox 936 1576 1069 1635; x_wconf 87' lang='lat' dir='ltr'>Primum</span> <span class='ocrx_word' id='word_1_77' title='bbox 1081 1584 1144 1635; x_wconf 81' lang='lat' dir='ltr'>erat</span> <span class='ocrx_word' id='word_1_78' title='bbox 1157 1574 1235 1645; x_wconf 74' lang='lat' dir='ltr'>nihil,</span> <span class='ocrx_word' id='word_1_79' title='bbox 1248 1594 1301 1633; x_wconf 87' lang='lat' dir='ltr'>our</span> <span class='ocrx_word' id='word_1_80' title='bbox 1320 1594 1386 1651; x_wconf 87' lang='lat' dir='ltr'>pro·</span> 
     </span>
     <span class='ocr_line' id='line_1_12' title="bbox 402 1670 1384 1747; baseline -0.001 -18"><span class='ocrx_word' id='word_1_81' title='bbox 402 1679 504 1747; x_wconf 84' lang='lat' dir='ltr'>persto</span> <span class='ocrx_word' id='word_1_82' title='bbox 522 1690 595 1747; x_wconf 87' lang='lat' dir='ltr'>opus</span> <span class='ocrx_word' id='word_1_83' title='bbox 614 1682 708 1731; x_wconf 87' lang='lat' dir='ltr'>esset:</span> <span class='ocrx_word' id='word_1_84' title='bbox 726 1670 838 1743; x_wconf 88' lang='lat' dir='ltr'>deinde,</span> <span class='ocrx_word' id='word_1_85' title='bbox 852 1673 877 1731; x_wconf 91' lang='lat' dir='ltr'>si</span> <span class='ocrx_word' id='word_1_86' title='bbox 896 1672 967 1747; x_wconf 91' lang='lat' dir='ltr'>quid</span> <span class='ocrx_word' id='word_1_87' title='bbox 986 1680 1069 1743; x_wconf 79' lang='lat' dir='ltr'>esset,</span> <span class='ocrx_word' id='word_1_88' title='bbox 1089 1672 1157 1747; x_wconf 90' lang='lat' dir='ltr'>quid</span> <span class='ocrx_word' id='word_1_89' title='bbox 1178 1672 1293 1729; x_wconf 78' lang='lat' dir='ltr'>tendens</span> <span class='ocrx_word' id='word_1_90' title='bbox 1313 1680 1384 1743; x_wconf 84' lang='lat' dir='ltr'>erut,</span> 
     </span>
     <span class='ocr_line' id='line_1_13' title="bbox 403 1765 1383 1843; baseline -0.002 -19"><span class='ocrx_word' id='word_1_91' title='bbox 403 1765 480 1841; x_wconf 88' lang='lat' dir='ltr'>quod</span> <span class='ocrx_word' id='word_1_92' title='bbox 498 1784 535 1824; x_wconf 83' lang='lat' dir='ltr'>ee</span> <span class='ocrx_word' id='word_1_93' title='bbox 551 1774 634 1823; x_wconf 86' lang='lat' dir='ltr'>noote</span> <span class='ocrx_word' id='word_1_94' title='bbox 652 1765 786 1841; x_wconf 74' lang='lat' dir='ltr'><strong>consequi</strong></span> <span class='ocrx_word' id='word_1_95' title='bbox 805 1774 908 1843; x_wconf 88' lang='lat' dir='ltr'>posset,</span> <span class='ocrx_word' id='word_1_96' title='bbox 922 1766 1066 1825; x_wconf 76' lang='lat' dir='ltr'>amitteret</span> <span class='ocrx_word' id='word_1_97' title='bbox 1086 1766 1228 1835; x_wconf 62' lang='lat' dir='ltr'>eutensi</span> <span class='ocrx_word' id='word_1_98' title='bbox 1247 1765 1383 1842; x_wconf 71' lang='lat' dir='ltr'>postridie</span> 
     </span>
     <span class='ocr_line' id='line_1_14' title="bbox 404 1858 1384 1937; baseline 0 -18"><span class='ocrx_word' id='word_1_99' title='bbox 404 1860 527 1919; x_wconf 74' lang='lat' dir='ltr'>Romam</span> <span class='ocrx_word' id='word_1_100' title='bbox 540 1880 624 1921; x_wconf 84' lang='lat' dir='ltr'>mune</span> <span class='ocrx_word' id='word_1_101' title='bbox 637 1858 785 1919; x_wconf 81' lang='lat' dir='ltr'>venisset?</span> <span class='ocrx_word' id='word_1_102' title='bbox 823 1861 924 1937; x_wconf 83' lang='lat' dir='ltr'>Atque</span> <span class='ocrx_word' id='word_1_103' title='bbox 944 1870 976 1921; x_wconf 88' lang='lat' dir='ltr'>ut</span> <span class='ocrx_word' id='word_1_104' title='bbox 995 1860 1037 1919; x_wconf 91' lang='lat' dir='ltr'>illi</span> <span class='ocrx_word' id='word_1_105' title='bbox 1057 1870 1213 1919; x_wconf 83' lang='lat' dir='ltr'>nocturnus</span> <span class='ocrx_word' id='word_1_106' title='bbox 1232 1862 1270 1919; x_wconf 87' lang='lat' dir='ltr'>ed</span> <span class='ocrx_word' id='word_1_107' title='bbox 1283 1862 1384 1919; x_wconf 84' lang='lat' dir='ltr'>urbem</span> 
     </span>
     <span class='ocr_line' id='line_1_15' title="bbox 404 1956 1384 2034; baseline 0 -19"><span class='ocrx_word' id='word_1_108' title='bbox 404 1958 542 2015; x_wconf 74' lang='lat' dir='ltr'>adventus</span> <span class='ocrx_word' id='word_1_109' title='bbox 562 1958 695 2017; x_wconf 65' lang='lat' dir='ltr'>utendus</span> <span class='ocrx_word' id='word_1_110' title='bbox 715 1958 808 2034; x_wconf 89' lang='lat' dir='ltr'>potius</span> <span class='ocrx_word' id='word_1_111' title='bbox 827 1976 915 2033; x_wconf 79' lang='lat' dir='ltr'>quem</span> <span class='ocrx_word' id='word_1_112' title='bbox 935 1958 1115 2034; x_wconf 83' lang='lat' dir='ltr'>expetendus</span> <span class='ocrx_word' id='word_1_113' title='bbox 1134 1957 1196 2029; x_wconf 74' lang='lat' dir='ltr'>filit,</span> <span class='ocrx_word' id='word_1_114' title='bbox 1210 1956 1251 2017; x_wconf 88' lang='lat' dir='ltr'>sio</span> <span class='ocrx_word' id='word_1_115' title='bbox 1271 1956 1384 2029; x_wconf 84' lang='lat' dir='ltr'>Miloni,</span> 
     </span>
     <span class='ocr_line' id='line_1_16' title="bbox 366 2052 1384 2129; baseline -0.002 -16"><span class='ocrx_word' id='word_1_116' title='bbox 366 2066 397 2115; x_wconf 78' lang='lat' dir='ltr'>lt</span> <span class='ocrx_word' id='word_1_117' title='bbox 404 2072 493 2129; x_wconf 88' lang='lat' dir='ltr'>quum</span> <span class='ocrx_word' id='word_1_118' title='bbox 512 2053 659 2111; x_wconf 71' lang='lat' dir='ltr'>insidiator</span> <span class='ocrx_word' id='word_1_119' title='bbox 678 2061 760 2125; x_wconf 83' lang='lat' dir='ltr'>esset,</span> <span class='ocrx_word' id='word_1_120' title='bbox 774 2053 799 2111; x_wconf 91' lang='lat' dir='ltr'>si</span> <span class='ocrx_word' id='word_1_121' title='bbox 817 2052 900 2111; x_wconf 89' lang='lat' dir='ltr'>illum</span> <span class='ocrx_word' id='word_1_122' title='bbox 919 2054 957 2113; x_wconf 87' lang='lat' dir='ltr'>sd</span> <span class='ocrx_word' id='word_1_123' title='bbox 977 2054 1077 2111; x_wconf 86' lang='lat' dir='ltr'>urbem</span> <span class='ocrx_word' id='word_1_124' title='bbox 1096 2062 1182 2113; x_wconf 86' lang='lat' dir='ltr'>noctu</span> <span class='ocrx_word' id='word_1_125' title='bbox 1202 2070 1384 2112; x_wconf 82' lang='lat' dir='ltr'>sooessunrm</span> 
     </span>
     <span class='ocr_line' id='line_1_17' title="bbox 404 2146 1384 2229; baseline 0 -21"><span class='ocrx_word' id='word_1_126' title='bbox 404 2150 519 2221; x_wconf 78' lang='lat' dir='ltr'>soiebut,</span> <span class='ocrx_word' id='word_1_127' title='bbox 532 2150 733 2207; x_wconf 88' lang='lat' dir='ltr'>subsidendum</span> <span class='ocrx_word' id='word_1_128' title='bbox 746 2157 835 2225; x_wconf 83' lang='lat' dir='ltr'>utque</span> <span class='ocrx_word' id='word_1_129' title='bbox 852 2148 1077 2225; x_wconf 78' lang='lat' dir='ltr'>exspectandum</span> <span class='ocrx_word' id='word_1_130' title='bbox 1090 2148 1152 2207; x_wconf 85' lang='lat' dir='ltr'>fuit</span> <span class='ocrx_word' id='word_1_131' title='bbox 1192 2150 1240 2207; x_wconf 92' lang='grc'>50.</span> <span class='ocrx_word' id='word_1_132' title='bbox 1261 2146 1384 2229; x_wconf 79' lang='lat' dir='ltr'>[Noetu.</span> 
     </span>
     <span class='ocr_line' id='line_1_18' title="bbox 403 2244 1384 2325; baseline 0 -20"><span class='ocrx_word' id='word_1_133' title='bbox 403 2246 536 2305; x_wconf 88' lang='lat' dir='ltr'>insidioso</span> <span class='ocrx_word' id='word_1_134' title='bbox 555 2255 585 2303; x_wconf 90' lang='lat' dir='ltr'>et</span> <span class='ocrx_word' id='word_1_135' title='bbox 603 2246 688 2321; x_wconf 87' lang='lat' dir='ltr'>pleno</span> <span class='ocrx_word' id='word_1_136' title='bbox 707 2245 850 2303; x_wconf 71' lang='lat' dir='ltr'>latronum</span> <span class='ocrx_word' id='word_1_137' title='bbox 870 2244 901 2303; x_wconf 91' lang='lat' dir='ltr'>in</span> <span class='ocrx_word' id='word_1_138' title='bbox 919 2246 980 2305; x_wconf 89' lang='lat' dir='ltr'>looo</span> <span class='ocrx_word' id='word_1_139' title='bbox 993 2244 1175 2325; x_wconf 82' lang='lat' dir='ltr'>ooeidisset]:</span> <span class='ocrx_word' id='word_1_140' title='bbox 1195 2266 1279 2305; x_wconf 83' lang='lat' dir='ltr'>nemo</span> <span class='ocrx_word' id='word_1_141' title='bbox 1292 2247 1321 2307; x_wconf 88' lang='lat' dir='ltr'>ei</span> <span class='ocrx_word' id='word_1_142' title='bbox 1334 2264 1384 2305; x_wconf 89' lang='lat' dir='ltr'>ne·</span> 
     </span>
     <span class='ocr_line' id='line_1_19' title="bbox 403 2342 1385 2419; baseline 0.005 -20"><span class='ocrx_word' id='word_1_143' title='bbox 403 2342 483 2419; x_wconf 79' lang='lat' dir='ltr'>genti</span> <span class='ocrx_word' id='word_1_144' title='bbox 502 2360 560 2399; x_wconf 90' lang='lat' dir='ltr'>non</span> <span class='ocrx_word' id='word_1_145' title='bbox 578 2342 752 2412; x_wconf 72' lang='lat' dir='ltr'>credidisset,</span> <span class='ocrx_word' id='word_1_146' title='bbox 771 2359 858 2416; x_wconf 88' lang='lat' dir='ltr'>quern</span> <span class='ocrx_word' id='word_1_147' title='bbox 878 2358 941 2401; x_wconf 84' lang='lat' dir='ltr'>esse</span> <span class='ocrx_word' id='word_1_148' title='bbox 961 2360 1058 2401; x_wconf 86' lang='lat' dir='ltr'>ornnes</span> <span class='ocrx_word' id='word_1_149' title='bbox 1079 2342 1191 2401; x_wconf 70' lang='lat' dir='ltr'>salvum</span> <span class='ocrx_word' id='word_1_150' title='bbox 1210 2343 1299 2403; x_wconf 84' lang='lat' dir='ltr'>etium</span> <span class='ocrx_word' id='word_1_151' title='bbox 1318 2363 1385 2403; x_wconf 89' lang='lat' dir='ltr'>oon·</span> 
     </span>
     <span class='ocr_line' id='line_1_20' title="bbox 403 2433 1384 2515; baseline 0.004 -18"><span class='ocrx_word' id='word_1_152' title='bbox 403 2439 532 2497; x_wconf 82' lang='lat' dir='ltr'>titentem</span> <span class='ocrx_word' id='word_1_153' title='bbox 544 2437 652 2495; x_wconf 73' lang='lat' dir='ltr'>volunt.</span> <span class='ocrx_word' id='word_1_154' title='bbox 691 2433 891 2497; x_wconf 79' lang='lat' dir='ltr'>&#39;sustinuisset</span> <span class='ocrx_word' id='word_1_155' title='bbox 910 2438 964 2497; x_wconf 88' lang='lat' dir='ltr'>hoo</span> <span class='ocrx_word' id='word_1_156' title='bbox 984 2439 1090 2497; x_wconf 77' lang='lat' dir='ltr'>crimen</span> <span class='ocrx_word' id='word_1_157' title='bbox 1111 2439 1234 2514; x_wconf 87' lang='lat' dir='ltr'>primum</span> <span class='ocrx_word' id='word_1_158' title='bbox 1254 2440 1317 2515; x_wconf 84' lang='lat' dir='ltr'>ipse</span> <span class='ocrx_word' id='word_1_159' title='bbox 1335 2440 1384 2501; x_wconf 84' lang='lat' dir='ltr'>ille</span> 
     </span>
     <span class='ocr_line' id='line_1_21' title="bbox 364 2533 1386 2611; baseline 0 -16"><span class='ocrx_word' id='word_1_160' title='bbox 364 2535 546 2595; x_wconf 80' lang='lat' dir='ltr'>tolstronum</span> <span class='ocrx_word' id='word_1_161' title='bbox 572 2533 729 2591; x_wconf 78' lang='lat' dir='ltr'>occultetur</span> <span class='ocrx_word' id='word_1_162' title='bbox 751 2543 782 2593; x_wconf 89' lang='lat' dir='ltr'>et</span> <span class='ocrx_word' id='word_1_163' title='bbox 806 2541 937 2610; x_wconf 75' lang='lat' dir='ltr'>moeptor</span> <span class='ocrx_word' id='word_1_164' title='bbox 963 2533 1049 2605; x_wconf 82' lang='lat' dir='ltr'>locus,</span> <span class='ocrx_word' id='word_1_165' title='bbox 1071 2554 1159 2611; x_wconf 88' lang='lat' dir='ltr'>quum</span> <span class='ocrx_word' id='word_1_166' title='bbox 1183 2554 1277 2610; x_wconf 87' lang='lat' dir='ltr'>neque</span> <span class='ocrx_word' id='word_1_167' title='bbox 1303 2544 1386 2595; x_wconf 76' lang='lat' dir='ltr'>mnu</span> 
     </span>
     <span class='ocr_line' id='line_1_22' title="bbox 403 2628 1385 2705; baseline 0 -16"><span class='ocrx_word' id='word_1_168' title='bbox 403 2630 524 2690; x_wconf 88' lang='lat' dir='ltr'>solitudo</span> <span class='ocrx_word' id='word_1_169' title='bbox 546 2628 705 2699; x_wconf 82' lang='lat' dir='ltr'>indioesset,</span> <span class='ocrx_word' id='word_1_170' title='bbox 728 2646 822 2705; x_wconf 86' lang='lat' dir='ltr'>neque</span> <span class='ocrx_word' id='word_1_171' title='bbox 844 2648 929 2689; x_wconf 81' lang='lat' dir='ltr'>cesos</span> <span class='ocrx_word' id='word_1_172' title='bbox 952 2648 1012 2689; x_wconf 76' lang='lat' dir='ltr'>uox</span> <span class='ocrx_word' id='word_1_173' title='bbox 1033 2631 1203 2689; x_wconf 76' lang='lat' dir='ltr'>ostendisset</span> <span class='ocrx_word' id='word_1_174' title='bbox 1224 2630 1385 2689; x_wconf 83' lang='lat' dir='ltr'>Milonem:</span> 
     </span>
     <span class='ocr_line' id='line_1_23' title="bbox 403 2724 1385 2804; baseline 0 -19"><span class='ocrx_word' id='word_1_175' title='bbox 403 2726 506 2786; x_wconf 82' lang='lat' dir='ltr'>deinde</span> <span class='ocrx_word' id='word_1_176' title='bbox 524 2724 566 2783; x_wconf 89' lang='lat' dir='ltr'>ibi</span> <span class='ocrx_word' id='word_1_177' title='bbox 584 2724 667 2782; x_wconf 88' lang='lat' dir='ltr'>multi</span> <span class='ocrx_word' id='word_1_178' title='bbox 686 2726 724 2784; x_wconf 84' lang='lat' dir='ltr'>eb</span> <span class='ocrx_word' id='word_1_179' title='bbox 743 2726 792 2784; x_wconf 90' lang='lat' dir='ltr'>illo</span> <span class='ocrx_word' id='word_1_180' title='bbox 812 2726 919 2797; x_wconf 72' lang='lat' dir='ltr'>violati,</span> <span class='ocrx_word' id='word_1_181' title='bbox 932 2726 1051 2802; x_wconf 75' lang='lat' dir='ltr'>spoliati,</span> <span class='ocrx_word' id='word_1_182' title='bbox 1065 2727 1145 2785; x_wconf 89' lang='lat' dir='ltr'>bonis</span> <span class='ocrx_word' id='word_1_183' title='bbox 1165 2727 1288 2804; x_wconf 79' lang='lat' dir='ltr'>expulsi,</span> <span class='ocrx_word' id='word_1_184' title='bbox 1300 2728 1385 2785; x_wconf 84' lang='lat' dir='ltr'>mtrlti</span> 
     </span>
     <span class='ocr_line' id='line_1_24' title="bbox 403 2820 1385 2901; baseline 0 -18"><span class='ocrx_word' id='word_1_185' title='bbox 403 2824 475 2883; x_wconf 81' lang='lat' dir='ltr'>hseo</span> <span class='ocrx_word' id='word_1_186' title='bbox 494 2822 582 2881; x_wconf 85' lang='lat' dir='ltr'>etium</span> <span class='ocrx_word' id='word_1_187' title='bbox 601 2822 734 2880; x_wconf 86' lang='lat' dir='ltr'>timentes</span> <span class='ocrx_word' id='word_1_188' title='bbox 752 2822 783 2880; x_wconf 93' lang='lat' dir='ltr'>in</span> <span class='ocrx_word' id='word_1_189' title='bbox 801 2822 991 2899; x_wconf 79' lang='lat' dir='ltr'>suspicionem</span> <span class='ocrx_word' id='word_1_190' title='bbox 1004 2824 1156 2891; x_wconf 71' lang='lat' dir='ltr'>oederent3</span> <span class='ocrx_word' id='word_1_191' title='bbox 1175 2820 1247 2883; x_wconf 78' lang='lat' dir='ltr'>⁸totu</span> <span class='ocrx_word' id='word_1_192' title='bbox 1259 2824 1385 2901; x_wconf 87' lang='lat' dir='ltr'>denique</span> 
     </span>
     <span class='ocr_line' id='line_1_25' title="bbox 403 2918 1385 2995; baseline 0.002 -16"><span class='ocrx_word' id='word_1_193' title='bbox 403 2938 454 2979; x_wconf 74' lang='lat' dir='ltr'>reu</span> <span class='ocrx_word' id='word_1_194' title='bbox 473 2919 607 2979; x_wconf 81' lang='lat' dir='ltr'>niteretur</span> <span class='ocrx_word' id='word_1_195' title='bbox 620 2918 748 2977; x_wconf 74' lang='lat' dir='ltr'>Etruria.</span> <span class='ocrx_word' id='word_1_196' title='bbox 787 2918 836 2976; x_wconf 88' lang='grc'>51.</span> <span class='ocrx_word' id='word_1_197' title='bbox 856 2918 954 2995; x_wconf 74' lang='lat' dir='ltr'>Atque</span> <span class='ocrx_word' id='word_1_198' title='bbox 974 2920 1024 2978; x_wconf 91' lang='lat' dir='ltr'>illo</span> <span class='ocrx_word' id='word_1_199' title='bbox 1043 2920 1090 2979; x_wconf 88' lang='lat' dir='ltr'>die</span> <span class='ocrx_word' id='word_1_200' title='bbox 1110 2928 1189 2979; x_wconf 79' lang='lat' dir='ltr'>uerte</span> <span class='ocrx_word' id='word_1_201' title='bbox 1207 2918 1320 2981; x_wconf 70' lang='lat' dir='ltr'>⁴Arinis</span> <span class='ocrx_word' id='word_1_202' title='bbox 1340 2940 1385 2981; x_wconf 81' lang='lat' dir='ltr'>re·</span> 
     </span>
     <span class='ocr_line' id='line_1_26' title="bbox 364 3013 1382 3091; baseline -0.002 -12"><span class='ocrx_word' id='word_1_203' title='bbox 364 3017 494 3087; x_wconf 77' lang='lat' dir='ltr'>zodiens,</span> <span class='ocrx_word' id='word_1_204' title='bbox 506 3016 631 3074; x_wconf 85' lang='lat' dir='ltr'>devertit</span> <span class='ocrx_word' id='word_1_205' title='bbox 646 3013 762 3074; x_wconf 86' lang='lat' dir='ltr'>Clodius</span> <span class='ocrx_word' id='word_1_206' title='bbox 781 3015 819 3073; x_wconf 86' lang='lat' dir='ltr'>ud</span> <span class='ocrx_word' id='word_1_207' title='bbox 832 3015 986 3075; x_wconf 82' lang='lat' dir='ltr'>Albanum.</span> <span class='ocrx_word' id='word_1_208' title='bbox 1025 3013 1123 3091; x_wconf 65' lang='lat' dir='ltr'>‘Quod</span> <span class='ocrx_word' id='word_1_209' title='bbox 1143 3026 1176 3075; x_wconf 89' lang='lat' dir='ltr'>ut</span> <span class='ocrx_word' id='word_1_210' title='bbox 1195 3018 1280 3077; x_wconf 73' lang='lat' dir='ltr'>sdret</span> <span class='ocrx_word' id='word_1_211' title='bbox 1297 3018 1382 3089; x_wconf 82' lang='lat' dir='ltr'>Milo,</span> 
     </span>
     <span class='ocr_line' id='line_1_27' title="bbox 403 3110 1383 3188; baseline 0.002 -17"><span class='ocrx_word' id='word_1_212' title='bbox 403 3112 485 3171; x_wconf 86' lang='lat' dir='ltr'>illurn</span> <span class='ocrx_word' id='word_1_213' title='bbox 506 3110 623 3171; x_wconf 82' lang='lat' dir='ltr'>Arioise</span> <span class='ocrx_word' id='word_1_214' title='bbox 649 3110 745 3183; x_wconf 79' lang='lat' dir='ltr'>fuisse,</span> <span class='ocrx_word' id='word_1_215' title='bbox 767 3112 906 3188; x_wconf 86' lang='lat' dir='ltr'>suspiosri</span> <span class='ocrx_word' id='word_1_216' title='bbox 928 3122 1023 3171; x_wconf 79' lang='lat' dir='ltr'>temen</span> <span class='ocrx_word' id='word_1_217' title='bbox 1046 3113 1151 3185; x_wconf 85' lang='lat' dir='ltr'>debuit,</span> <span class='ocrx_word' id='word_1_218' title='bbox 1173 3132 1248 3186; x_wconf 80' lang='lat' dir='ltr'>eum,</span> <span class='ocrx_word' id='word_1_219' title='bbox 1271 3116 1383 3173; x_wconf 75' lang='lat' dir='ltr'>etiamsi</span> 
     </span>
     <span class='ocr_line' id='line_1_28' title="bbox 326 3208 1383 3286; baseline 0.002 -18"><span class='ocrx_word' id='word_1_220' title='bbox 326 3213 330 3221; x_wconf 85' lang='lat'>&#39;</span> <span class='ocrx_word' id='word_1_221' title='bbox 404 3208 529 3268; x_wconf 75' lang='lat' dir='ltr'>Romam</span> <span class='ocrx_word' id='word_1_222' title='bbox 550 3208 600 3265; x_wconf 93' lang='lat' dir='ltr'>illo</span> <span class='ocrx_word' id='word_1_223' title='bbox 619 3208 666 3265; x_wconf 88' lang='lat' dir='ltr'>die</span> <span class='ocrx_word' id='word_1_224' title='bbox 683 3208 790 3267; x_wconf 73' lang='lat' dir='ltr'>reverd</span> <span class='ocrx_word' id='word_1_225' title='bbox 809 3208 905 3279; x_wconf 84' lang='lat' dir='ltr'>vellet,</span> <span class='ocrx_word' id='word_1_226' title='bbox 925 3208 962 3267; x_wconf 86' lang='lat' dir='ltr'>sd</span> <span class='ocrx_word' id='word_1_227' title='bbox 982 3208 1081 3269; x_wconf 81' lang='lat' dir='ltr'>villum</span> <span class='ocrx_word' id='word_1_228' title='bbox 1100 3228 1189 3282; x_wconf 73' lang='lat' dir='ltr'>mem,</span> <span class='ocrx_word' id='word_1_229' title='bbox 1209 3229 1285 3286; x_wconf 81' lang='lat' dir='ltr'>quse</span> <span class='ocrx_word' id='word_1_230' title='bbox 1305 3211 1383 3269; x_wconf 78' lang='lat' dir='ltr'>viam</span> 
     </span>
     <span class='ocr_line' id='line_1_29' title="bbox 403 3300 1383 3391; baseline 0.002 -28"><span class='ocrx_word' id='word_1_231' title='bbox 403 3313 541 3380; x_wconf 78' lang='lat' dir='ltr'>ungeret,</span> <span class='ocrx_word' id='word_1_232' title='bbox 554 3304 750 3362; x_wconf 86' lang='lat' dir='ltr'>deversurum.</span> <span class='ocrx_word' id='word_1_233' title='bbox 790 3302 851 3363; x_wconf 66' lang='lat' dir='ltr'>(hur</span> <span class='ocrx_word' id='word_1_234' title='bbox 869 3322 963 3380; x_wconf 89' lang='lat' dir='ltr'>neque</span> <span class='ocrx_word' id='word_1_235' title='bbox 982 3300 1060 3391; x_wconf 63' lang='lat' dir='ltr'>fante</span> <span class='ocrx_word' id='word_1_236' title='bbox 1079 3306 1209 3376; x_wconf 76' lang='lat' dir='ltr'>ooourrit,</span> <span class='ocrx_word' id='word_1_237' title='bbox 1225 3325 1262 3364; x_wconf 89' lang='lat' dir='ltr'>ne</span> <span class='ocrx_word' id='word_1_238' title='bbox 1283 3307 1333 3365; x_wconf 90' lang='lat' dir='ltr'>ille</span> <span class='ocrx_word' id='word_1_239' title='bbox 1352 3306 1383 3365; x_wconf 93' lang='lat' dir='ltr'>in</span> 
     </span>
     <span class='ocr_line' id='line_1_30' title="bbox 404 3398 1381 3477; baseline 0.008 -21"><span class='ocrx_word' id='word_1_240' title='bbox 404 3400 472 3457; x_wconf 80' lang='lat' dir='ltr'>ville</span> <span class='ocrx_word' id='word_1_241' title='bbox 485 3399 628 3471; x_wconf 85' lang='lat' dir='ltr'>resideret,</span> <span class='ocrx_word' id='word_1_242' title='bbox 641 3418 695 3457; x_wconf 91' lang='lat' dir='ltr'>neo</span> <span class='ocrx_word' id='word_1_243' title='bbox 713 3416 751 3457; x_wconf 87' lang='lat' dir='ltr'>eo</span> <span class='ocrx_word' id='word_1_244' title='bbox 767 3398 798 3457; x_wconf 92' lang='lat' dir='ltr'>in</span> <span class='ocrx_word' id='word_1_245' title='bbox 817 3398 881 3459; x_wconf 88' lang='lat' dir='ltr'>looo</span> <span class='ocrx_word' id='word_1_246' title='bbox 899 3400 1033 3473; x_wconf 85' lang='lat' dir='ltr'>subsedit,</span> <span class='ocrx_word' id='word_1_247' title='bbox 1046 3420 1104 3477; x_wconf 89' lang='lat' dir='ltr'>quo</span> <span class='ocrx_word' id='word_1_248' title='bbox 1116 3401 1164 3460; x_wconf 88' lang='lat' dir='ltr'>ille</span> <span class='ocrx_word' id='word_1_249' title='bbox 1178 3412 1263 3463; x_wconf 71' lang='lat' dir='ltr'>noem</span> <span class='ocrx_word' id='word_1_250' title='bbox 1279 3412 1381 3463; x_wconf 73' lang='lat' dir='ltr'>vents-</span> 
     </span>
     <span class='ocr_line' id='line_1_31' title="bbox 364 3491 571 3557; baseline -0.034 0"><span class='ocrx_word' id='word_1_251' title='bbox 364 3506 453 3557; x_wconf 75' lang='lat' dir='ltr'>roms</span> <span class='ocrx_word' id='word_1_252' title='bbox 473 3491 571 3552; x_wconf 80' lang='lat' dir='ltr'>esset?</span> 
     </span>
    </p>

    <p class='ocr_par' dir='ltr' id='par_1_9' title="bbox 404 3582 1382 3960">
     <span class='ocr_line' id='line_1_32' title="bbox 444 3582 1381 3678; baseline 0.009 -31"><span class='ocrx_word' id='word_1_253' title='bbox 444 3589 538 3678; x_wconf 80' lang='lat' dir='ltr'>Video</span> <span class='ocrx_word' id='word_1_254' title='bbox 546 3582 651 3647; x_wconf 74' lang='lat' dir='ltr'>&#39;adhue</span> <span class='ocrx_word' id='word_1_255' title='bbox 669 3598 807 3662; x_wconf 80' lang='lat' dir='ltr'>oonsture,</span> <span class='ocrx_word' id='word_1_256' title='bbox 822 3589 943 3666; x_wconf 84' lang='lat' dir='ltr'>judices,</span> <span class='ocrx_word' id='word_1_257' title='bbox 956 3593 1068 3651; x_wconf 83' lang='lat' dir='ltr'>omnis:</span> <span class='ocrx_word' id='word_1_258' title='bbox 1089 3592 1193 3653; x_wconf 86' lang='lat' dir='ltr'>Miloni</span> <span class='ocrx_word' id='word_1_259' title='bbox 1211 3594 1299 3653; x_wconf 78' lang='lat' dir='ltr'>etism</span> <span class='ocrx_word' id='word_1_260' title='bbox 1313 3594 1381 3655; x_wconf 84' lang='lat' dir='ltr'>utile</span> 
     </span>
     <span class='ocr_line' id='line_1_33' title="bbox 404 3682 1381 3767; baseline 0.002 -22"><span class='ocrx_word' id='word_1_261' title='bbox 404 3685 494 3745; x_wconf 84' lang='lat' dir='ltr'>fuisse</span> <span class='ocrx_word' id='word_1_262' title='bbox 509 3682 641 3744; x_wconf 85' lang='lat' dir='ltr'>Clodium</span> <span class='ocrx_word' id='word_1_263' title='bbox 658 3686 766 3757; x_wconf 81' lang='lat' dir='ltr'>vivere,</span> <span class='ocrx_word' id='word_1_264' title='bbox 778 3686 822 3745; x_wconf 93' lang='lat' dir='ltr'>illi</span> <span class='ocrx_word' id='word_1_265' title='bbox 837 3688 875 3747; x_wconf 84' lang='lat' dir='ltr'>ud</span> <span class='ocrx_word' id='word_1_266' title='bbox 893 3705 936 3759; x_wconf 83' lang='lat' dir='ltr'>eu,</span> <span class='ocrx_word' id='word_1_267' title='bbox 949 3690 1226 3766; x_wconf 82' lang='lat' dir='ltr'>quae&#39;oonoupierut,</span> <span class='ocrx_word' id='word_1_268' title='bbox 1240 3692 1381 3767; x_wconf 65' lang='lat' dir='ltr'>optatissi-</span> 
     </span>
     <span class='ocr_line' id='line_1_34' title="bbox 404 3777 1382 3851; baseline 0.005 -10"><span class='ocrx_word' id='word_1_269' title='bbox 404 3802 484 3841; x_wconf 86' lang='lat' dir='ltr'>mum</span> <span class='ocrx_word' id='word_1_270' title='bbox 505 3782 650 3841; x_wconf 83' lang='lat' dir='ltr'>interitum</span> <span class='ocrx_word' id='word_1_271' title='bbox 670 3777 807 3851; x_wconf 83' lang='lat' dir='ltr'>Milonis;</span> <span class='ocrx_word' id='word_1_272' title='bbox 834 3782 931 3842; x_wconf 86' lang='lat' dir='ltr'>odium</span> <span class='ocrx_word' id='word_1_273' title='bbox 950 3782 1036 3843; x_wconf 69' lang='lat' dir='ltr'>inim</span> <span class='ocrx_word' id='word_1_274' title='bbox 1059 3784 1135 3843; x_wconf 88' lang='lat' dir='ltr'>illins</span> <span class='ocrx_word' id='word_1_275' title='bbox 1156 3786 1186 3843; x_wconf 92' lang='lat' dir='ltr'>in</span> <span class='ocrx_word' id='word_1_276' title='bbox 1206 3788 1283 3845; x_wconf 85' lang='lat' dir='ltr'>huno</span> <span class='ocrx_word' id='word_1_277' title='bbox 1304 3806 1382 3846; x_wconf 81' lang='lat' dir='ltr'>soer-</span> 
     </span>
     <span class='ocr_line' id='line_1_35' title="bbox 404 3878 1382 3960; baseline 0.002 -21"><span class='ocrx_word' id='word_1_278' title='bbox 404 3879 560 3950; x_wconf 87' lang='lat' dir='ltr'>bissimum,</span> <span class='ocrx_word' id='word_1_279' title='bbox 573 3879 683 3937; x_wconf 88' lang='lat' dir='ltr'>nullum</span> <span class='ocrx_word' id='word_1_280' title='bbox 702 3878 786 3955; x_wconf 89' lang='lat' dir='ltr'>hujus</span> <span class='ocrx_word' id='word_1_281' title='bbox 805 3879 836 3937; x_wconf 93' lang='lat' dir='ltr'>in</span> <span class='ocrx_word' id='word_1_282' title='bbox 855 3880 953 3949; x_wconf 71' lang='lat' dir='ltr'>illum</span> <span class='ocrx_word' id='word_1_283' title='bbox 973 3880 1202 3940; x_wconf 82' lang='lat' dir='ltr'>eonsuetudinern</span> <span class='ocrx_word' id='word_1_284' title='bbox 1222 3882 1298 3941; x_wconf 89' lang='lat' dir='ltr'>illius</span> <span class='ocrx_word' id='word_1_285' title='bbox 1318 3902 1382 3960; x_wconf 69' lang='lat' dir='ltr'>pen</span> 
     </span>
    </p>

    <p class='ocr_par' dir='ltr' id='par_1_10' title="bbox 365 3971 1382 4243">
     <span class='ocr_line' id='line_1_36' title="bbox 365 3971 1380 4052; baseline 0.001 -17"><span class='ocrx_word' id='word_1_286' title='bbox 365 3982 522 4050; x_wconf 73' lang='lat' dir='ltr'>topetunm</span> <span class='ocrx_word' id='word_1_287' title='bbox 545 3974 575 4031; x_wconf 90' lang='lat' dir='ltr'>in</span> <span class='ocrx_word' id='word_1_288' title='bbox 598 3973 629 4029; x_wconf 80' lang='lat' dir='ltr'>ri</span> <span class='ocrx_word' id='word_1_289' title='bbox 652 3971 808 4046; x_wconf 69' lang='lat' dir='ltr'>inferendis,</span> <span class='ocrx_word' id='word_1_290' title='bbox 830 3972 917 4050; x_wconf 76' lang='lat' dir='ltr'>hujus</span> <span class='ocrx_word' id='word_1_291' title='bbox 940 3982 1050 4033; x_wconf 79' lang='lat' dir='ltr'>tuntum</span> <span class='ocrx_word' id='word_1_292' title='bbox 1073 3974 1104 4033; x_wconf 93' lang='lat' dir='ltr'>in</span> <span class='ocrx_word' id='word_1_293' title='bbox 1127 3976 1310 4052; x_wconf 83' lang='lat' dir='ltr'>repellends;</span> <span class='ocrx_word' id='word_1_294' title='bbox 1334 3978 1380 4035; x_wconf 79' lang='grc'>52.</span> 
     </span>
     <span class='ocr_line' id='line_1_37' title="bbox 405 4068 1382 4149; baseline 0.005 -22"><span class='ocrx_word' id='word_1_295' title='bbox 405 4076 528 4127; x_wconf 83' lang='lat' dir='ltr'>mortem</span> <span class='ocrx_word' id='word_1_296' title='bbox 549 4070 587 4127; x_wconf 85' lang='lat' dir='ltr'>ub</span> <span class='ocrx_word' id='word_1_297' title='bbox 609 4069 660 4127; x_wconf 91' lang='lat' dir='ltr'>illo</span> <span class='ocrx_word' id='word_1_298' title='bbox 681 4068 877 4127; x_wconf 70' lang='lat' dir='ltr'>denuntiem</span> <span class='ocrx_word' id='word_1_299' title='bbox 901 4068 1004 4129; x_wconf 81' lang='lat' dir='ltr'>Miloni</span> <span class='ocrx_word' id='word_1_300' title='bbox 1028 4078 1057 4129; x_wconf 89' lang='lat' dir='ltr'>et</span> <span class='ocrx_word' id='word_1_301' title='bbox 1079 4072 1256 4147; x_wconf 70' lang='lat' dir='ltr'>praedictam</span> <span class='ocrx_word' id='word_1_302' title='bbox 1278 4074 1382 4149; x_wconf 77' lang='lat' dir='ltr'>pilam,</span> 
     </span>
     <span class='ocr_line' id='line_1_38' title="bbox 406 4162 1380 4243; baseline 0.008 -22"><span class='ocrx_word' id='word_1_303' title='bbox 406 4162 479 4221; x_wconf 86' lang='lat' dir='ltr'>nihil</span> <span class='ocrx_word' id='word_1_304' title='bbox 498 4180 623 4239; x_wconf 73' lang='lat' dir='ltr'>uuquam</span> <span class='ocrx_word' id='word_1_305' title='bbox 643 4164 769 4222; x_wconf 78' lang='lat' dir='ltr'>nuditum</span> <span class='ocrx_word' id='word_1_306' title='bbox 788 4180 828 4223; x_wconf 86' lang='lat' dir='ltr'>ex</span> <span class='ocrx_word' id='word_1_307' title='bbox 847 4162 977 4233; x_wconf 78' lang='lat' dir='ltr'>Milon03</span> <span class='ocrx_word' id='word_1_308' title='bbox 1001 4164 1181 4242; x_wconf 77' lang='lat' dir='ltr'>profectionis</span> <span class='ocrx_word' id='word_1_309' title='bbox 1201 4167 1287 4243; x_wconf 84' lang='lat' dir='ltr'>hujus</span> <span class='ocrx_word' id='word_1_310' title='bbox 1307 4169 1380 4229; x_wconf 86' lang='lat' dir='ltr'>diem</span> 
     </span>
    </p>
   </div>
   <div class='ocr_carea' id='block_1_3' title="bbox 0 0 1664 4984">
    <p class='ocr_par' dir='ltr' id='par_1_11' title="bbox 0 0 1664 4984">
     <span class='ocr_line' id='line_1_39' title="bbox 0 0 1664 4984; baseline 0 0"><span class='ocrx_word' id='word_1_311' title='bbox 0 0 1664 4984; x_wconf 95' lang='lat' dir='ltr'> </span> 
     </span>
    </p>
   </div>
  </div>
 </body>
</html>
