3317 4984
381 486 441 545 294
708 497 886 543 rrrsrom
906 496 1089 543 memorre

420 662 483 721 sne
496 660 626 741 plurimis
639 660 764 721 lacrimis
777 642 911 722 risose
950 661 1014 723 ros
1026 664 1105 722 enim
1114 663 1200 722 vireo
1209 682 1275 721 ese
1285 662 1413 723 muers

420 778 491 833 mss,
504 780 575 836 quus
589 780 642 837 ego
655 760 833 819 beatissimus
852 778 969 837 semper
985 780 1048 820 esse
1062 760 1140 819 volui
1152 762 1243 837 idque
1261 770 1415 838 praemere

421 855 507 913 debui
528 864 565 929 et,
581 855 636 913 nisi
652 864 711 913 tum
731 854 824 915 timidi
841 854 1003 928 fuissemus,
1022 857 1237 933 praestitissem
1278 856 1310 915 2.
1329 856 1415 915 Piso·

420 971 488 1011 nem
500 961 629 1010 nostrum
642 952 743 1011 merito
754 950 816 1027 ejus
829 970 896 1011 emo
908 952 1071 1029 plurimum.
1113 952 1201 1024 Eum,
1210 961 1244 1011 ut
1256 951 1348 1029 potui,
1361 970 1414 1029 per

395 1062 410 1108 5
421 1048 530 1107 litteras
544 1049 708 1107 cohortatus
721 1066 787 1107 sum
799 1049 966 1126 gmtiusque
978 1049 1034 1125 egi,
1042 1057 1076 1107 ut
1084 1048 1180 1108 debui.
1220 1048 1260 1107 In
1269 1049 1355 1107 nobis
1365 1050 1414 1106 tri·

420 1144 505 1203 bunis
519 1144 557 1221 pL
568 1143 696 1221 intelligo
709 1144 955 1220 spemtehebsre.
994 1144 1262 1216 Idsritfimumsi
1276 1144 1412 1221 pompm
1532 1175 1534 1178 ·

422 1240 633 1307 rolunmserit3
653 1236 850 1299 sedCressum
860 1249 957 1299 temen
965 1249 1070 1299 metuo.
1108 1240 1414 1315 Atequidemomnh

421 1335 485 1394 fleri
498 1333 650 1393 fortissime
669 1342 699 1393 et
718 1334 912 1395 amentissime
925 1334 1018 1406 video,
1029 1354 1085 1395 nec
1096 1338 1204 1404 miron
1224 1336 1277 1395 sed
1298 1354 1414 1395 moereo
1532 1403 1534 1406 ¹

423 1449 520 1491 ossum
530 1430 677 1506 ejusmodi,
688 1438 720 1488 ut
729 1431 815 1489 tentis
826 1431 1014 1489 mmisemis
1024 1450 1107 1491 mese
1116 1432 1251 1490 miserius
1261 1432 1415 1517 subterm-

386 1536 476 1589 lotur.
519 1526 597 1585 Nom
607 1527 644 1585 ud
654 1545 700 1585 me
712 1525 747 1584 P.
757 1526 901 1599 Valerius,
910 1526 994 1585 homo
1003 1528 1415 1604 officiosmscripsitidquod

423 1642 478 1701 ego
491 1624 616 1681 maximo
630 1641 695 1681 cum
709 1622 778 1680 fletu
791 1622 860 1699 legi,
868 1623 1107 1699 quemadmodum
1117 1620 1265 1682 uveam
1273 1621 1324 1681 ¹ud
1334 1626 1416 1683 ubu-

423 1721 483 1779 lam
493 1718 832 1779 Valeriumduotsesscs.
873 1712 961 1791 Hem,
970 1738 1036 1778 mee
1048 1720 1110 1791 lux,
1119 1738 1217 1779 meum
1228 1720 1415 1793 desiderium,

424 1816 500 1875 unde
520 1832 618 1873 omnes
638 1833 723 1891 opem
742 1824 841 1891 petere
861 1814 1007 1874 solebant!
1026 1811 1067 1873 'te
1080 1834 1165 1887 nunc,
1178 1834 1247 1873 mee
1267 1816 1415 1887 Termtin,

425 1913 466 1971 sic
479 1912 589 1983 vexari,
602 1911 643 1969 sic
658 1908 757 1987 jecere
772 1911 802 1967 in
816 1910 942 1970 lacrimis
955 1919 985 1969 et
997 1911 1127 1969 sordibus
1138 1911 1146 1968 1
1166 1912 1255 1987 idque
1272 1913 1338 1971 fieri
1349 1930 1415 1971 mee

387 2008 518 2085 rsculps,
531 2007 582 2083 qui
602 2015 711 2066 eeteros
732 2006 856 2079 servavi,
876 2016 981 2065 utros
1000 2006 1178 2084 periremus!
1220 2008 1249 2065 3.
1271 2006 1360 2081 Quod
1377 2008 1414 2067 ds

425 2105 509 2163 domo
529 2102 636 2173 scribis,
656 2102 710 2161 hoc
730 2112 782 2173 est,
795 2100 844 2161 ‘de
863 2120 949 2163 eree:
970 2122 1025 2179 ego
1045 2122 1115 2161 vero
1129 2112 1191 2161 tum
1204 2102 1332 2179 denique
1344 2102 1414 2161 mihi

334 2222 342 2231 ·
425 2200 545 2258 videbor
564 2198 719 2271 restitutus,
739 2198 764 2257 si
784 2198 835 2258 ills
854 2199 935 2257 nobis
955 2199 1011 2257 erit
1029 2200 1168 2257 restimtu.
1209 2198 1324 2257 Verum
1344 2199 1415 2258 lnec

425 2314 483 2353 non
496 2294 600 2351 suntin
614 2302 711 2351 nostru
723 2312 819 2351 manu.
859 2292 937 2353 Illud
947 2293 1039 2366 doleo,
1049 2291 1135 2369 ‘quse
1143 2295 1277 2370 impensa
1285 2292 1415 2354 isoieuds

426 2400 477 2462 est,
490 2390 521 2448 in
534 2389 597 2465 ejus
618 2400 729 2467 purtem
742 2398 771 2449 te
785 2390 919 2449 miserum
933 2398 963 2449 et
977 2390 1164 2467 despoliatum
1179 2392 1290 2449 venire.
1330 2390 1415 2465 Quod

388 2488 453 2551 rosi
475 2486 622 2546 conficitur
643 2486 797 2563 negotium,
820 2486 917 2545 omnis
937 2504 1161 2562 consequemur;
1181 2487 1227 2545 sin
1240 2487 1345 2545 eud·-
1364 2508 1413 2547 nos

426 2583 540 2642 fortune
572 2590 692 2659 premet,
719 2582 844 2640 etiamne
870 2582 1007 2657 reliquias
1035 2592 1099 2641 tuus
1125 2583 1233 2641 misera
1260 2582 1414 2661 projicies?

427 2678 553 2740 Obsecro
567 2688 604 2751 te,
617 2697 683 2737 meu
697 2678 764 2749 vite,
778 2678 855 2755 quod
865 2677 1059 2755 adsumptum
1072 2679 1182 2749 attinet,
1196 2680 1258 2737 sine
1272 2680 1353 2751 elios,
1365 2680 1414 2756 qui

426 2784 551 2853 possunt,
565 2774 589 2832 si
609 2774 693 2831 modo
713 2773 821 2845 volunt,
841 2774 992 2846 sustinere,
1006 2785 1036 2833 et
1054 2775 1250 2833 valetudinem
1269 2776 1355 2834 istem
1373 2778 1435 2834 in··

427 2870 585 2943 firmsmsi
597 2888 645 2929 me
658 2888 746 2941 umes,
760 2870 819 2928 noli
833 2888 952 2929 rexere.
993 2870 1072 2929 Nom
1086 2871 1157 2931 mihi
1170 2884 1238 2929 unte
1248 2872 1346 2932 oculos
1355 2874 1413 2933 dies

389 2982 420 3029 25
428 2976 581 3043 noctesque
596 2966 738 3025 verseris:
758 2984 858 3024 omnes
877 2966 989 3025 labores
1002 2975 1032 3024 te
1047 2968 1182 3043 excipere
1196 2968 1303 3035 vide03
1323 2969 1414 3042 timeo,

426 3072 460 3123 ut
473 3065 619 3123 sustineus
662 3062 721 3124 Sed
734 3064 818 3123 rideo
832 3064 863 3123 in
873 3073 904 3123 te
914 3083 977 3123 esse
987 3065 1091 3122 omnis.
1134 3062 1243 3137 Quare,
1253 3073 1286 3122 ut
1292 3064 1333 3136 id,
1342 3066 1413 3140 quod

429 3178 527 3235 sperus
547 3170 576 3217 et
591 3159 667 3235 quod
686 3160 984 3237 ogisconsequsmur,
997 3160 1074 3218 servi
1089 3158 1256 3217 valetudini.
1296 3160 1326 3217 4.
1344 3160 1412 3238 Ego,
1532 3183 1533 3208 1

428 3255 466 3313 sd
486 3272 555 3331 quos
576 3255 710 3327 scribam,
723 3256 827 3326 neseio,
842 3256 897 3313 nisi
910 3256 949 3315 sd
961 3274 1019 3327 eos,
1031 3256 1082 3330 qui
1100 3255 1138 3312 ud
1157 3272 1206 3311 me
1219 3255 1356 3327 scribunt,
1368 3265 1412 3315 eut

429 3352 466 3411 ud
486 3369 542 3423 eos,
556 3350 592 3409 de
606 3352 709 3427 quibus
722 3352 759 3411 ud
772 3372 819 3411 me
833 3372 885 3411 vos
899 3352 1009 3429 aliquid
1022 3352 1153 3411 moritis.
1196 3349 1337 3427 longius,
1349 3372 1412 3428 quc·

391 3449 508 3509 scnium
527 3448 569 3506 itu
588 3448 668 3509 vobis
688 3448 790 3526 placet,
811 3468 870 3508 non
890 3448 1053 3516 discedam
1072 3448 1124 3506 sed
1147 3447 1237 3505 relim
1249 3466 1340 3523 qusm
1357 3466 1411 3507 sse

430 3542 545 3620 pissime
566 3542 675 3603 litteras
697 3545 822 3619 mittatis,
842 3545 1019 3622 praesertim,
1033 3544 1057 3601 si
1071 3542 1140 3618 quid
1154 3551 1198 3601 est
1210 3543 1330 3617 firmius,
1343 3544 1411 3619 quod

431 3656 586 3717 speremus.
626 3640 739 3713 Valere,
753 3660 819 3701 mes
830 3641 982 3713 desiderio,
994 3640 1098 3699 valete

472 3733 511 3793 D.
524 3753 552 3795 a.
566 3736 593 3795 ὰ
608 3734 667 3795 111„
681 3736 783 3797 Nonus
796 3734 945 3798 Octobres.
984 3734 1196 3796 Thomslonice
