3317 4984
403 542 462 601 794
853 563 975 610 onemo

442 720 498 779 illie
522 719 628 798 loquor,
652 723 702 800 qui
724 725 897 786 oeciderunt.
948 725 1070 785 Fuerint
1091 726 1197 802 cupidi,
1220 723 1331 783 fuerint
1353 725 1424 796 ireti,

442 817 549 880 fuerint
568 822 742 897 pertinaces:
767 823 883 882 seelerir
903 842 972 882 veru
990 824 1117 894 erimine,
1135 823 1251 895 furoris,
1269 820 1425 900 ‘pomum

442 915 527 975 licent
536 913 589 976 Cn.
599 915 737 994 Pompeio
750 927 869 990 mortuo,
878 919 963 978 iioeet
975 919 1072 977 multis
1083 919 1147 978 eliis
1160 938 1268 978 uerene.
1303 917 1425 993 Quando

442 1013 496 1072 hoe
509 1015 660 1090 quisquam
673 1031 712 1072 ex
725 1023 762 1086 te,
774 1012 889 1085 Caesar,
898 1013 1030 1073 audivit?
1045 1023 1097 1074 eut
1108 1024 1159 1073 tun
1170 1015 1241 1091 quid
1253 1015 1335 1073 eliud
1347 1033 1425 1074 mm

416 1110 594 1168 5voluer1mt
611 1110 665 1168 nisi
682 1128 701 1168 e
718 1117 747 1168 te
762 1107 974 1169 ⁴oontumeliem
988 1109 1176 1188 propulsare?
1195 1111 1267 1186 quid
1282 1111 1345 1187 egit
1361 1119 1424 1168 tum

443 1205 491 1263 ille
505 1206 626 1265 invictus
639 1206 791 1278 exereitus,
804 1206 859 1264 nisi
872 1214 905 1264 ut
916 1224 1001 1265 ouum
1013 1206 1062 1282 jue
1075 1215 1203 1265 tueremu-
1215 1218 1245 1264 et
1258 1207 1424 1282 dignitatem

443 1299 542 1358 tuum?
583 1299 683 1376 Quid?
703 1311 742 1374 tu,
756 1320 846 1378 quum
864 1321 964 1378 puoem
983 1321 1046 1361 eene
1063 1300 1217 1379 'cupiebam
1230 1304 1298 1360 idne
1311 1303 1423 1380 ageba,

442 1391 485 1454 ‘ut
504 1397 554 1454 tibi
575 1415 639 1456 oum
660 1399 811 1468 sceleratis,
824 1415 863 1457 eu
883 1406 916 1456 ut
934 1415 1000 1456 uum
1019 1398 1100 1457 bon'o
1114 1399 1224 1457 civium
1237 1397 1424 1457 conveniret?

443 1495 491 1554 19.
512 1495 587 1554 Mihi
600 1514 677 1567 vero,
692 1493 806 1567 Caesar,
820 1505 872 1556 tuu
883 1494 915 1553 in
932 1513 980 1554 me
994 1495 1123 1554 maxima
1139 1497 1243 1553 merite
1255 1504 1339 1552 teum
1350 1503 1423 1554 oerte

406 1603 435 1649 ιο
446 1609 501 1648 non
522 1591 694 1662 viderentur,
714 1592 738 1650 ei
757 1611 804 1650 me
823 1601 858 1650 ut
880 1591 1050 1650 sceleratum
1069 1607 1088 1648 e
1106 1599 1136 1648 te
1155 1601 1357 1648 oonoervatum
1375 1606 1424 1666 pu·

443 1697 542 1745 terem.
584 1685 733 1762 Quomodo
745 1697 842 1747 eutem
855 1697 887 1746 tu
900 1688 938 1748 de
950 1706 982 1748 re
996 1686 1111 1764 publice
1122 1686 1195 1744 bene
1209 1687 1329 1744 meritus
1341 1703 1423 1756 moen,

442 1779 542 1860 'quum
554 1793 595 1842 tot
613 1784 765 1843 sceleratos
782 1785 919 1844 ineolumi
936 1785 1075 1860 dignitate
1092 1799 1154 1841 esee
1173 1779 1335 1840 voluieeee?
1374 1779 1423 1840 Se-

443 1882 599 1940 ueseionem
618 1891 650 1941 m
669 1882 747 1942 illum
767 1880 974 1951 existimavisti,
992 1878 1107 1950 Gueeur,
1124 1879 1214 1950 initio,
1233 1897 1291 1936 non
1311 1879 1422 1948 beilum,

443 1996 537 2054 neque
555 1979 656 2038 hostile
674 1979 778 2050 odium,
791 1980 844 2038 sed
861 1979 946 2040 uirile
963 1979 1128 2046 dissidium
1148 1977 1276 2053 utrisque
1288 1975 1422 2052 oupieun-

406 2075 574 2134 tribuerem
588 2075 730 2152 publieum
743 2076 861 2147 selvam,
874 2077 925 2135 sed
942 2077 1047 2153 purtim
1065 2073 1194 2144 uomiliin
1208 2073 1315 2150 puru‘m
1327 2071 1422 2130 ouidii!

443 2173 622 2232 eoommuui
642 2171 991 2232 utilitate'eberruuu‘bue.
1032 2171 1199 2248 Principum
1219 2165 1347 2247 dignitus
1366 2179 1423 2228 eut

443 2287 534 2346 paene
551 2289 622 2346 pur;
642 2289 698 2328 non
717 2289 772 2348 pur
787 2269 907 2328 fortasse
924 2287 1033 2340 eorum,
1045 2269 1095 2345 qui
1112 2267 1322 2344 sequebantur:
1341 2285 1423 2326 em

443 2373 504 2422 tum
523 2365 616 2436 dubie,
630 2367 706 2440 quod
724 2375 786 2424 eret
803 2365 913 2441 aliquid
929 2366 960 2423 in
980 2374 1102 2440 utruque
1115 2375 1204 2441 purte,
1218 2364 1295 2440 quod
1312 2364 1422 2441 probuti

444 2469 557 2536 posset:
587 2479 663 2519 nuno
682 2461 781 2520 melior
800 2479 837 2519 eu
853 2459 1009 2536 judicanda
1030 2471 1082 2530 eet,
1103 2477 1191 2535 quum
1212 2457 1300 2517 etium
1319 2458 1360 2517 dii
1378 2456 1424 2516 ud·

404 2556 588 2634 wjuvemnt
630 2555 751 2634 Cognita
770 2577 839 2616 vem
858 2559 1011 2618 clementie
1029 2567 1087 2629 tue,
1103 2559 1167 2636 quie
1184 2577 1241 2616 non
1256 2577 1323 2617 eem
1341 2557 1424 2616 vieto

443 2654 518 2713 riom
529 2655 637 2731 probet,
651 2655 680 2711 in
694 2674 751 2730 que
763 2656 899 2714 occiderit
911 2673 995 2714 nemo
1008 2655 1063 2712 uisi
1077 2654 1228 2714 armatus?

483 2749 555 2808 VII.
596 2749 643 2806 20.
666 2747 733 2822 Sed,
746 2759 778 2808 ut
795 2751 924 2808 omittam
941 2767 1120 2809 communem
1140 2769 1265 2822 oensem,
1278 2751 1424 2808 veniamur

443 2847 481 2906 ud
494 2855 628 2906 nostrum.
662 2843 777 2906 ¹Utrum
791 2843 905 2905 taudem
919 2847 1066 2906 existimus
1075 2847 1188 2906 feoilius
1197 2847 1292 2917 fuisse,
1302 2845 1423 2915 ‘lubere

445 2941 594 3021 Ligurium
613 2961 653 3002 ex
673 2943 773 3002 Africa
793 2943 883 3014 exire,
902 2961 939 3001 uu
959 2963 1011 3002 voe
1031 2944 1061 3001 in
1079 2943 1209 3003 Afrioum
1228 2963 1286 3001 non
1307 2941 1425 3002 venire?

405 3039 663 3111 25Poteremuene,
689 3038 809 3114 inquies,
835 3058 924 3115 quum
950 3051 1066 3099 semme
1084 3034 1272 3098 'oeneuiseeti
1324 3037 1357 3099 Si
1382 3057 1424 3097 ne

445 3133 573 3204 consulis,
588 3133 667 3190 nullo
686 3133 777 3190 modo
818 3131 878 3192 Sed
891 3141 987 3192 tumen
1001 3133 1150 3211 Ligarium
1171 3143 1286 3191 senatus
1299 3133 1376 3191 idem
1389 3134 1425 3192 le

444 3239 570 3306 gaveret.
604 3229 703 3306 Atque
717 3229 766 3288 ille
779 3247 814 3288 eo
827 3239 956 3307 tempore
970 3233 1072 3309 paruit,
1085 3249 1175 3306 quum
1195 3247 1296 3306 perere
1317 3231 1425 3288 mutui

444 3343 559 3384 necesse
587 3335 668 3384 eret:
697 3345 748 3384 voe
774 3333 844 3384 tuno
869 3329 1012 3403 paruistis,
1035 3347 1124 3404 quom
1146 3327 1243 3403 paruit
1264 3343 1360 3396 nemo,
1379 3326 1426 3400 qui

444 3422 542 3480 noluit.
591 3421 782 3498 Reprehendo
808 3423 917 3500 igitur?
964 3423 1085 3483 Minime
1111 3441 1199 3489 vero3
1230 3439 1327 3496 neque
1352 3423 1426 3480 enim

405 3529 437 3578 eo
448 3517 526 3576 licuit
541 3517 628 3576 oiiter
644 3529 739 3577 veetro
756 3520 863 3595 generi,
876 3519 992 3591 nomini,
1004 3518 1138 3588 familiae,
1153 3517 1328 3593 disciplinae.
1370 3515 1427 3576 sm

445 3613 499 3672 hoe
511 3631 568 3670 nou
582 3614 714 3684 eomodo,
724 3624 764 3688 ut,
773 3611 888 3691 'quibus
900 3616 985 3673 rebus
998 3613 1158 3690 gloriemini
1170 3614 1200 3670 in
1213 3613 1304 3683 vobis,
1314 3613 1426 3671 eosdm

444 3710 474 3768 iu
493 3708 558 3768 eliis
576 3711 799 3786 reprehendatis.
841 3712 887 3768 21.
906 3705 1079 3769 'Tuberonis
1098 3727 1159 3767 eoru
1180 3708 1308 3784 ooujeote
1327 3717 1373 3766 eet
1390 3727 1426 3766 ex

444 3815 559 3866 senatus
572 3807 707 3879 consulto,
721 3825 809 3882 quum
822 3807 885 3883 ipee
897 3823 954 3866 uon
966 3805 1086 3876 edomet,
1099 3806 1197 3862 morbo
1208 3805 1299 3862 etiem
1311 3805 1427 3880 impedi

444 3913 541 3962 retur:
569 3913 706 3964 statueret
725 3899 883 3961 ‘exmm
933 3901 1016 3960 Haec
1035 3920 1089 3978 ego
1108 3901 1176 3958 novi
1195 3909 1314 3976 propter
1331 3917 1426 3957 omner

406 4001 677 4070 tuneoessitudinen
697 4016 772 4075 quae
795 3997 867 4055 mihi
888 4006 953 4056 mut
974 4015 1040 4056 oum
1064 3997 1099 4054 L.
1118 3995 1280 4054 Tuberone.
1330 3991 1426 4053 ¹Dom
1530 4048 1531 4065 ,

446 4114 505 4156 unu
517 4098 629 4168 eruditi,
642 4095 759 4154 militiae
772 4093 997 4165 oontubemniee,
1010 4103 1074 4169 post
1084 4089 1203 4161 ‘effluee
1215 4092 1247 4149 in
1259 4093 1339 4149 omni
1351 4091 1427 4148 deni·

446 4209 503 4270 que
523 4195 583 4254 vitu
601 4191 775 4252 familiares:
797 4205 934 4266 maguum
952 4189 1040 4249 etiem
1058 4187 1214 4260 vinarium,
1233 4185 1427 4263 quodiieuem
