3317 4984
489 581 552 628 rao
571 581 601 625 r.
621 581 723 627 auaro
743 581 878 640 moun,
899 581 968 628 car.
989 581 1022 625 m
1204 559 1261 622 815

244 761 339 822 quam,
352 761 424 820 quos
444 744 569 820 undique
589 744 741 816 intuentes,
754 743 831 803 unde
852 743 948 820 aliqua
968 741 1021 802 lori
1035 759 1101 819 pars
1115 739 1224 818 adspici

244 847 347 918 potest,
373 849 403 897 et
431 839 516 915 hujus
542 839 653 920 exitum
675 837 777 915 judicii
808 845 1006 916 exspectantes
1032 837 1143 906 videtis,
1166 853 1224 892 non

244 953 332 1012 quum
349 935 448 993 virtuti
460 935 578 994 Milonis
591 933 678 1006 lavet,
692 943 755 993 turn
768 935 805 994 de
818 953 858 1006 ee,
872 934 907 992 de
926 933 1024 993 liberis
1044 931 1112 1004 suis,
1125 931 1161 990 dc
1175 949 1224 1008 pa·

244 1032 308 1102 nia,
320 1032 357 1090 de
369 1029 490 1089 fortunis
503 1031 641 1090 hodierno
652 1031 700 1090 die
713 1031 853 1090 decertari
868 1039 956 1108 putat

196 1121 203 1128 ’
283 1126 327 1185 II.
367 1125 466 1186 Unum
479 1145 570 1204 genus
582 1137 627 1185 est
639 1127 792 1185 adversum
805 1125 996 1202 infestumque
1010 1125 1091 1183 nobis
1105 1119 1224 1196 ¹eorum,
1249 1136 1263 1182 a

244 1241 316 1299 quos
329 1223 366 1280 P.
381 1221 474 1282 Clodii
494 1221 573 1281 luror
591 1223 700 1299 rapinis
719 1231 749 1281 et
767 1222 906 1281 incendiis
926 1233 955 1280 et
973 1217 1115 1279 ¹omuibus
1129 1205 1224 1278 exitiis

244 1319 364 1398 publicis
378 1319 476 1396 pavit;
496 1319 547 1394 qui
560 1319 696 1378 hesterna
708 1319 794 1377 etiam
814 1313 957 1378 ⁸contione
977 1316 1086 1375 incitati
1106 1323 1180 1386 sunt,
1194 1323 1226 1374 ut

245 1416 326 1474 vobis
345 1433 416 1474 voce
436 1413 599 1493 ‘praeirent
619 1415 689 1492 quid
704 1413 879 1491 judicaretis.
921 1411 1052 1488 Quorum
1073 1411 1225 1484 clamanti

245 1509 306 1588 ‘qui
325 1510 398 1570 forte
416 1511 511 1583 luerit,
530 1513 683 1571 admonere
703 1529 753 1570 vos
773 1509 895 1581 debebit,
915 1519 947 1568 ut
967 1527 1032 1568 eum
1052 1509 1145 1567 civem
1158 1508 1226 1566 reti·

246 1607 346 1678 ueads,
359 1608 409 1683 qui
422 1625 535 1684 semper
553 1625 643 1684 genus
663 1607 734 1666 illud
752 1606 899 1666 bominum
920 1605 1113 1681 clamoresque
1134 1603 1266 1665 maxi-10

245 1721 308 1762 mos
319 1699 383 1780 ‘pro
395 1713 491 1762 restra
504 1703 596 1762 salute
613 1703 750 1782 neglexit.
791 1703 820 1760 4.
843 1701 1036 1776 Quamobrem
1054 1701 1151 1760 adeste
1165 1700 1226 1759 ani·

246 1798 309 1871 mis,
318 1798 438 1874 judices,
451 1809 481 1857 et
494 1799 634 1870 timorem,
648 1800 672 1858 si
685 1817 772 1878 quem
785 1799 904 1870 habetis,
920 1798 1062 1875 deponite.
1101 1795 1187 1869 Nam,
1201 1797 1226 1856 si

246 1911 371 1970 unquam
385 1895 515 1953 debonis
529 1903 560 1952 et
572 1893 691 1953 fortibus
709 1893 787 1967 viris,
802 1895 826 1952 si
841 1913 965 1970 uuquam
980 1893 1017 1952 de
1030 1895 1102 1951 bene
1116 1893 1225 1951 meritis

245 1989 355 2049 <ivibus
374 2001 498 2066 potestas
517 1985 643 2070 '[v0bis]
663 1989 812 2066 judicandi
832 1988 896 2060 linit,
913 1991 937 2048 si
957 1989 1079 2065 denique
1099 2005 1226 2064 unquam

245 2085 325 2144 heus
335 2081 585 2162 amplissimorum
598 2085 729 2144 ordinum
745 2085 863 2143 delectis
882 2083 952 2142 viris
966 2085 1048 2142 datus
1062 2091 1114 2154 est,
1127 2091 1160 2140 ut
1173 2101 1224 2142 sua
1235 2097 1265 2144 lb

245 2181 339 2240 studia
351 2199 421 2257 erga
433 2179 520 2238 sortes
540 2187 570 2238 et
589 2181 678 2239 bonos
697 2181 784 2251 circs,
798 2197 874 2256 quae
894 2179 974 2238 vultu
988 2187 1018 2238 et
1031 2179 1126 2237 verbis
1141 2197 1225 2256 saepe

245 2275 457 2354 significassent,
469 2295 504 2334 re
522 2285 552 2334 et
571 2275 720 2334 sententiis
740 2275 927 2346 declararent
941 2275 994 2334 hoc
1014 2273 1140 2350 proiecto
1155 2285 1225 2333 tem·

245 2389 314 2450 pore
332 2389 397 2432 eam
416 2381 585 2448 potestatem
605 2389 720 2430 omnem
733 2391 785 2430 vos
797 2373 917 2444 habetis,
930 2381 961 2430 ut
974 2372 1113 2442 statumia
1128 2379 1225 2430 utrum

245 2487 306 2540 nos,
327 2468 377 2545 qui
400 2486 514 2546 semper
536 2477 648 2526 vestrae
674 2468 836 2527 auctoritati
857 2467 946 2526 dediti
970 2467 1084 2539 fuimus,
1109 2485 1223 2544 semper

244 2565 341 2624 miseri
361 2566 518 2642 lugeamus,
530 2583 577 2638 an,
590 2565 639 2623 diu
660 2565 759 2624 vexati
779 2585 797 2624 a
817 2565 1014 2642 perditissimis
1035 2565 1153 2636 civibus,
1173 2563 1225 2622 ali·
1233 2575 1265 2625 2⁰

245 2661 359 2736 quando
372 2678 425 2737 per
437 2679 489 2720 vos
501 2679 536 2719 ac
548 2679 601 2738 per
610 2669 735 2719 vestram
748 2661 843 2732 fldem,
856 2661 989 2718 virtutem
1001 2660 1224 2737 sapientiamque

244 2773 416 2814 recreemur.
456 2757 484 2812 5.
506 2753 584 2829 Quid
596 2757 673 2814 enim
692 2755 775 2814 nobis
787 2755 906 2828 duobus,
916 2751 1225 2832 judices,'laboriosius‚

244 2851 315 2927 qnid
333 2852 425 2928 magis
444 2851 604 2919 sollicitum,
618 2851 710 2928 magis
729 2852 888 2911 exercitum
907 2851 963 2910 dici
977 2861 1027 2910 aut
1040 2851 1109 2928 llngi
1124 2859 1225 2928 potest,

244 2949 303 3024 qui,
322 2965 374 3024 spe
393 2947 631 3024 amplissimorum
649 2943 860 3024 ¹⁰praemiorum
881 2949 918 3006 ad
938 2967 999 3006 rem
1018 2947 1159 3026 publicam
1173 2947 1223 3004 ad·

244 3046 330 3117 ducti,
342 3053 419 3104 metu
433 3045 691 3103 crudelissimorum
704 3043 908 3121 suppliciorum
928 3063 1026 3106 carere
1047 3065 1103 3104 uon
1124 3055 1263 3122 possa-ab

245 3140 330 3200 musi
376 3139 519 3216 Equidem
545 3149 655 3199 ceteras
677 3149 861 3218 tempestates
887 3151 917 3200 et
945 3141 1083 3220 procellas
1110 3141 1140 3200 in
1167 3139 1224 3198 illis

245 3236 396 3294 damnant
414 3235 546 3294 fluctibus
573 3236 735 3294 contionum
762 3253 877 3314 semper
903 3237 1002 3314 putavi
1031 3236 1134 3295 Miloni
1161 3253 1224 3296 esse

246 3331 415 3402 subeundas,
428 3331 496 3406 quia
508 3347 624 3406 semper
636 3349 690 3407 pro
702 3331 784 3390 bonis
796 3341 897 3390 contm
916 3333 1057 3409 improbos
1078 3343 1205 3391 senserat
1216 3353 1224 3400 ς

246 3427 277 3484 iu
293 3425 402 3502 judicio
421 3443 491 3484 sero
509 3435 540 3485 et
555 3427 586 3484 in
599 3445 637 3486 eo
648 3428 773 3499 oonsilio
786 3429 816 3486 in
830 3447 888 3504 quo
901 3447 940 3488 ex
953 3429 1062 3489 cunctis
1076 3429 1222 3488 ordinibus

244 3521 410 3598 amplissimi
423 3523 479 3580 riri
495 3522 667 3596 judicarent,
681 3543 829 3600 nunquam
849 3525 1014 3585 existimavi
1034 3543 1114 3602 spem
1135 3525 1263 3586 ulamau

246 3637 310 3677 esse
327 3618 472 3676 babituros
485 3617 604 3676 Milonis
624 3619 752 3677 inimicos
771 3619 808 3678 ad
828 3619 891 3696 ejus
911 3617 987 3679 ¹'u0n
1007 3621 1090 3680 modo
1104 3621 1223 3680 salutem

246 3713 490 3790 exsdngueudam,
504 3715 555 3772 sed
568 3715 656 3774 Mam
675 3715 795 3792 gloriam
816 3735 869 3794 per
888 3718 960 3777 tales
981 3719 1056 3777 viros
1070 3717 1226 3796 infringen-

245 3809 322 3868 dam.
362 3809 389 3866 d.
411 3807 593 3884 Quamquam
606 3811 636 3868 in
649 3809 705 3868 bac
723 3829 818 3880 causa,
827 3810 949 3886 judiees,
962 3811 998 3870 Τ.
1013 3813 1102 3871 Annii
1116 3809 1226 3870 ¹²tribu·

246 3915 315 3964 usto
340 3906 485 3980 rebusque
508 3905 639 3964 omnibns
664 3925 717 3982 pro
740 3907 832 3966 salute
853 3907 896 3966 rei
921 3909 1051 3984 publicae
1073 3907 1160 3984 gestis
1187 3907 1223 3966 ad

245 3999 331 4076 hujus
354 4001 481 4060 criminis
506 4000 699 4060 defensionem
726 3999 805 4060 ”non
833 4004 992 4062 abutemur.
1043 4004 1107 4063 rosi
1134 4003 1262 4064 oculissb

246 4095 374 4154 videritis
400 4096 517 4155 iusidias
543 4096 647 4156 Miloni
673 4115 693 4156 a
719 4095 820 4158 Clodio
843 4097 941 4171 lamas,
963 4119 1017 4160 uec
1044 4099 1224 4178 deprecaturi

246 4209 352 4264 sumus,
365 4201 398 4250 nt
415 4191 524 4251 cumen
544 4193 599 4252 boc
617 4193 698 4253 nobis
711 4203 831 4274 propter
849 4194 941 4254 multa
959 4195 1107 4274 praeclara
1118 4197 1148 4254 in
1161 4213 1223 4255 rem

1057 4309 1105 4352 za
