3317 4984
513 540 578 586 ruo
598 539 630 595 o.
649 539 797 596 nomo,
817 538 889 584 eur.
909 540 979 584 vm.
1197 525 1254 584 795

225 707 334 768 studiis
359 723 474 783 semper
499 704 545 762 uei
569 719 676 762 eumue.
727 699 795 762 Seio
819 701 907 778 igitur
930 699 1112 760 Tuberonem
1139 702 1216 760 domi

226 823 351 864 munere
378 801 520 868 voluisse3
549 799 601 858 sed
623 799 664 856 itu
684 798 800 874 quidem
823 799 935 875 egebat,
955 798 997 856 ite
1019 799 1062 856 rei
1086 799 1216 875 publicae

226 901 444 960 nuetiesimum
467 914 571 955 uomeu
593 896 763 972 opponebat,
786 903 826 964 ut,
850 894 961 952 etiamsi
983 893 1068 954 uliter
1091 897 1217 968 sentiret,

228 997 388 1054 verborum
405 1004 502 1052 tumen
517 991 643 1068 ipsorum
660 991 769 1067 poudue
788 989 929 1048 sustinere
948 1009 1005 1048 nou
1026 1001 1128 1068 posset.
1170 993 1217 1052 22.

230 1088 331 1151 Ceeeit
342 1088 503 1149 auctoritati
515 1086 683 1164 amplissimi
697 1085 760 1157 viri,
773 1084 821 1143 vel
840 1085 932 1161 potius
950 1087 1052 1161 paruit
1093 1086 1160 1148 Une
1173 1097 1217 1148 est
1240 1103 1256 1149 r

228 1187 376 1264 profectus
388 1203 454 1244 eum
467 1185 511 1255 iio,
523 1179 657 1260 'quorum
673 1193 736 1240 erut
753 1199 811 1241 une
828 1199 931 1250 ouum
952 1181 1059 1240 tardius
1073 1184 1128 1242 iter
1141 1183 1216 1243 feeit.

229 1279 338 1360 Itaque
351 1283 382 1340 im
394 1281 525 1340 Afrieem
537 1275 887 1355 venitjumboeupeam
919 1273 1010 1336 'Hine
1023 1277 1053 1336 iu
1068 1277 1217 1356 Ligarium
1249 1325 1253 1338 .

229 1382 342 1440 erimeu
361 1381 451 1438 oritur
470 1378 518 1436 vel
537 1377 581 1436 ire
600 1377 701 1453 potius.
741 1375 828 1448 Num,
845 1376 869 1433 ei
889 1377 996 1435 crimen
1017 1386 1061 1435 eet
1080 1373 1215 1458 ¹⁰[illum]

230 1477 366 1547 volume,
375 1495 432 1534 uon
444 1475 538 1532 minue
551 1491 687 1551 maguum
697 1480 742 1530 eet
750 1489 802 1530 roe
814 1471 953 1545 Afrieem,
963 1469 1079 1532 lleroem
1092 1476 1218 1534 omnium

231 1573 453 1652 provinciarum,
465 1581 562 1628 nutem
575 1571 613 1628 ed
625 1569 732 1628 bellum
745 1578 844 1628 eontra
857 1569 930 1628 hene
944 1570 1043 1628 urbem
1056 1573 1215 1648 gerendum
1227 1585 1257 1634 ιο

231 1670 361 1730 obtinere
375 1668 498 1727 voluisse
510 1685 598 1742 quem
610 1663 736 1742 aliquem
749 1681 780 1723 oe
793 1663 936 1724 maluisse
972 1665 1070 1742 Atque
1084 1669 1108 1725 ie
1122 1677 1218 1728 temen

232 1766 337 1842 aliquio
358 1764 492 1841 Ligurius
511 1781 569 1820 uon
586 1761 648 1820 fuit.
689 1760 786 1819 Verus
802 1760 953 1837 imperium
971 1781 1003 1820 se
1019 1763 1125 1822 hebere
1144 1765 1219 1824 diee-

232 1861 300 1922 but:
323 1861 414 1920 funem
426 1868 504 1918 uerte
516 1857 649 1917 habebut.
695 1857 742 1915 2³.
762 1855 822 1916 Sed
842 1853 976 1934 1'quoquo
996 1859 1080 1918 modo
1098 1879 1129 1919 se
1147 1861 1219 1920 illud

233 1957 330 2028 hebet,
345 1957 417 2016 buee
436 1955 554 2031 querele
573 1965 670 2013 vestra
688 1953 758 2030 quid
777 1951 877 2012 velet?
916 1959 933 1990 “
945 1951 1085 2033 ¹'Recepti
1105 1957 1134 2015 iu
1154 1977 1219 2034 pro-

233 2055 358 2113 vinciam
380 2071 439 2111 uon
460 2050 583 2110 eumue?
634 2049 712 2125 Quid
734 2050 759 2108 ei
779 2046 924 2110 ueteris?
975 2049 1129 2112 Caesarine
1152 2073 1216 2114 eum
1228 2069 1258 2116 lb

234 2151 366 2210 tradituri
385 2148 487 2219 fuistis,
506 2167 544 2207 uu
564 2158 664 2207 ooutru
684 2145 839 2207 Cueourem
859 2147 1020 2207 retenturi?

275 2247 364 2307 vm
404 2246 490 2316 Vnde,
506 2246 576 2324 quid
595 2245 736 2316 lieenfiue,
758 2242 874 2316 Caesar,
894 2245 975 2305 nobie
995 2253 1046 2306 tua
1064 2247 1219 2307 liberaliter

234 2345 284 2404 det
295 2344 345 2404 vel
356 2343 451 2422 pou'ue
463 2343 607 2402 undecim.
648 2339 681 2402 Si
694 2341 874 2418 responderit
885 2341 1001 2402 Tubero
1011 2341 1150 2415 Africam,
1163 2363 1220 2421 quo

234 2449 351 2502 semem
369 2457 436 2498 eum
454 2457 573 2515 uereque
593 2439 718 2510 miseret,
737 2437 789 2497 tibi
809 2445 920 2515 petrem
944 2459 1027 2498 suum
1051 2439 1220 2498 traditurum

235 2537 330 2611 fuine,
342 2559 399 2598 uou
410 2539 548 2598 dubitabo
559 2537 637 2614 epod
648 2537 743 2614 ipsum
756 2546 793 2607 te,
807 2535 889 2612 eujus
902 2535 932 2595 id
945 2555 1011 2595 eum
1024 2535 1118 2596 fecere
1132 2538 1218 2596 inter·
1227 2549 1260 2598 eo

235 2633 298 2706 fuit,
316 2635 495 2712 gravissimis
513 2633 611 2693 verbis
629 2632 693 2709 ejus
712 2631 863 2692 eonsilium
884 2633 1102 2709 reprehendere.
1151 2633 1220 2692 Nou

235 2730 320 2802 euim,
339 2733 365 2788 oi
383 2730 435 2789 tibi
454 2747 490 2788 ee
509 2747 556 2788 ree
575 2737 658 2805 grue
676 2727 786 2800 fuisset
802 2737 879 2788 esset
898 2729 985 2786 etiem
1005 2731 1131 2804 probate
1172 2729 1219 2786 24.

237 2827 296 2890 sed
309 2827 373 2904 jun
385 2829 441 2888 boo
452 2837 543 2886 totum
555 2827 663 2898 omitto,
676 2845 733 2886 nou
746 2835 807 2885 tum
819 2845 857 2885 ne
870 2823 1011 2884 offendam
1030 2835 1093 2882 tuae
1111 2825 1220 2902 patieu-

236 2923 358 2982 tireimno
380 2941 472 2994 auree,
496 2941 583 2999 quem
605 2939 643 2980 ne
662 2919 788 2992 Tubero,
807 2921 885 2998 quod
908 2939 1053 2996 uunquam
1077 2921 1219 2999 eogitevit,

235 3009 360 3080 boumn
378 3019 466 3078 uiue
486 3019 625 3079 videntur.
664 3017 833 3078 Veniebutie
850 3019 942 3096 'igitur
960 3019 990 3076 iu
1004 3015 1134 3077 Africam
1153 3031 1259 3095 pro-tt

237 3117 367 3187 vinnium,
379 3135 467 3175 unam
483 3134 522 3175 ex
539 3117 672 3175 omnibus
683 3113 762 3176 ¹huie
781 3115 917 3174 victoriae
935 3115 1060 3174 maxim
1080 3113 1220 3188 infestum,

237 3210 267 3268 iu
285 3229 344 3288 que
362 3219 425 3267 eret
436 3207 501 3267 'lex
520 3209 739 3286 potentissimus,
758 3209 889 3269 iuimicus
910 3209 976 3269 huie
996 3228 1107 3280 eeusee,
1127 3209 1221 3270 aliena

237 3307 375 3374 voluutas,
387 3303 555 3364 'conventus
574 3306 649 3364 firmi
669 3315 755 3382 utque
775 3307 881 3384 magui.
923 3305 1047 3382 Quaero,
1060 3305 1150 3382 ⁴Quid
1163 3304 1221 3366 fue·

237 3403 293 3460 turi
312 3399 428 3459 fuutie?
446 3421 629 3478 quamquem,
642 3403 710 3479 quid
728 3402 831 3462 securri
845 3401 963 3475 fueritis,
982 3403 1117 3474 dubitem,
1130 3424 1218 3482 quum

237 3497 357 3564 videam,
376 3499 446 3573 quirl
465 3497 613 3557 ieeetitio?
658 3499 801 3559 Prohibiti
821 3501 889 3560 estis
909 3503 938 3560 in
959 3502 1106 3580 provincie
1126 3513 1260 3564 vestrate

238 3594 339 3670 pedem
359 3611 475 3670 ponere,
494 3603 525 3652 et
544 3595 678 3670 prohibiti
698 3615 811 3656 summe
828 3617 894 3656 eum
914 3597 1026 3674 injurie.
1074 3599 1120 3656 25.
1143 3597 1221 3674 Quo-

237 3691 320 3749 modo
332 3690 363 3747 iu
375 3687 502 3748 ttulistis?
521 3702 656 3768 ueeeptue
673 3691 796 3768 injuriae
815 3695 962 3768 querelem
981 3695 1017 3754 ed
1036 3715 1121 3772 quem
1141 3697 1221 3754 detu-

238 3785 332 3846 listis?
372 3786 486 3862 Nempe
501 3787 539 3844 ul
555 3805 630 3857 eum,
644 3785 726 3863 eujus
743 3789 942 3848 auotoritetem
959 3791 1047 3850 secuti
1062 3791 1091 3849 in
1104 3793 1221 3850 societu-

239 3891 296 3941 tem
314 3883 382 3940 belli
403 3883 553 3941 veneratis.
595 3882 679 3958 Quod
698 3883 723 3943 ei
739 3882 870 3944 Ceeeurio
891 3905 977 3946 eeueu
996 3887 1024 3946 in
1045 3888 1221 3964 provinciam

239 3979 402 4049 veniebatis,
425 3978 463 4036 ed
488 3997 554 4036 eum
585 3978 711 4054 profecto
744 3979 855 4040 exclusi
881 3984 1028 4060 provincie
1061 3983 1217 4042 venissetis.
1228 3997 1260 4047 tr

240 4073 365 4133 Venistis
378 4075 416 4132 ud
429 4073 611 4151 Pompeium.
652 4074 736 4150 Quue
750 4087 794 4136 eet
812 4097 881 4153 ergo
894 4079 970 4153 apud
985 4075 1139 4136 caesarem
1152 4097 1221 4156 que-

240 4170 306 4244 rele,
324 4189 414 4247 quum
434 4189 501 4230 eum
519 4171 705 4246 ueeuuetiee
728 4192 785 4250 quo
808 4173 967 4250 queremini
990 4173 1146 4252 prohibitos
1169 4193 1221 4238 voe
