3317 4984
659 528 693 571 ιι.
714 526 844 577 eunoun
1200 510 1259 571 317

186 687 270 747 noris
278 704 301 745 a
317 698 442 749 senam
458 692 538 751 tanti
551 690 707 751 aestimem.
746 690 845 768 Agem
853 690 916 766 jam
928 696 1023 749 teoum
1032 686 1220 759 familiariter,

188 794 220 843 ut
241 792 292 843 est
316 790 351 842 ot
376 787 501 847 studiis
523 796 552 847 et
570 786 669 847 offiuiis
688 786 791 847 uostris
810 785 915 847 mutuis
929 793 958 843 et
971 802 1084 843 mmma
1095 783 1221 843 amicitia

186 880 321 957 dignum
336 888 375 939 et
390 882 618 943 neoesdtndine
628 882 714 941 etium
725 890 853 958 patema.
894 879 928 941 si
941 878 1156 955 quisquumfuit
1168 898 1220 939 un·

189 996 286 1053 quam
309 987 468 1039 remotus
494 988 523 1039 et
549 988 653 1037 natura
674 986 703 1037 et
722 978 815 1053 magis
837 977 933 1047 etiam,
955 986 989 1034 ut
1010 975 1081 1035 mibi
1103 975 1220 1051 quidem

188 1074 308 1131 sentire
325 1074 461 1149 videor,
475 1076 587 1135 ratium
607 1082 693 1149 atque
714 1072 843 1133 doctriua
860 1073 899 1133 ab
919 1071 998 1129 inani
1018 1071 1104 1133 lande
1119 1079 1221 1131 etser-
1243 1084 1260 1137 t

190 1168 340 1227 monibus
356 1170 467 1247 vulgi,
490 1190 545 1249 ego
566 1168 694 1247 profecte
717 1168 742 1227 is
764 1184 837 1229 eum.
876 1166 973 1225 Testis
993 1174 1038 1226 est
1058 1167 1221 1227 oonsulntue

191 1282 292 1336 meus,
307 1267 344 1323 in
360 1286 443 1343 quo,
459 1270 533 1327 sieut
546 1268 576 1325 in
590 1266 702 1341 reliqua
715 1264 781 1336 vita,
795 1262 888 1325 fateor
900 1282 938 1326 ee
949 1282 997 1323 me
1006 1264 1131 1323 studiose
1140 1282 1222 1323 seur·

195 1370 271 1432 tum,
282 1380 329 1421 ex
344 1364 469 1439 quibus
480 1382 550 1424 vera
564 1364 656 1441 gloria
665 1362 744 1421 nasei
758 1369 862 1437 posset,
871 1361 965 1437 ipsam
974 1360 1091 1435 quidem
1099 1360 1221 1437 gloriam

197 1476 254 1534 per
268 1477 305 1517 ee
321 1478 492 1537 nunquam
506 1462 605 1539 putavi
621 1458 821 1536 expetendam.
863 1456 967 1531 Itaque
980 1464 1010 1515 et
1023 1452 1221 1532 ¹‘provinciam

200 1564 344 1613 ornatam
368 1566 406 1615 et
431 1577 515 1635 spem
534 1578 592 1616 nou
616 1556 733 1615 dubiam
757 1553 894 1629 triumphi
916 1551 1052 1629 neglexi3
1070 1548 1261 1613 ¹'erilande-lt

201 1650 279 1709 tium
301 1652 459 1729 denique,
472 1674 568 1731 quum,
583 1652 837 1733 (quemadmodum
851 1660 882 1709 te
894 1650 1061 1709 existirwe
1073 1646 1220 1723 arbitron)

205 1764 266 1805 nou
285 1748 476 1809 difficillime
496 1751 631 1826 consequi
651 1768 772 1827 possem
792 1766 851 1807 nou
870 1745 1007 1822 appetivi
1047 1743 1131 1803 Idem
1157 1753 1223 1821 post

206 1841 357 1917 injuriam
374 1855 537 1922 aeeeptam,
554 1844 654 1924 (quam
666 1854 697 1904 tu
707 1844 751 1903 rei
764 1843 897 1921 publioae
907 1840 1098 1899 oulamitatem
1108 1857 1222 1915 semper

210 1940 360 2016 appellare
370 1961 472 2001 meam
482 1962 539 2003 nou
549 1942 633 2001 modo
643 1960 700 2001 non
710 1937 1066 2009 mhmitatemsedetiam
1075 1936 1219 2014 gloriam)

212 2034 424 2112 enumquam
438 2038 617 2097 ornatissima
630 2046 746 2097 seuanm
760 2036 917 2115 populique
932 2033 1056 2093 Romam
1068 2033 1105 2091 de
1117 2051 1165 2092 me
1174 2031 1222 2108 ju·
1230 2046 1262 2095 ιι

215 2130 293 2189 diois
314 2132 511 2192 intercedere
553 2132 662 2208 Itaque.
675 2141 705 2191 et
724 2150 819 2208 augur
839 2139 938 2207 postea
956 2128 1021 2189 fieri
1040 2128 1128 2200 volui,
1146 2128 1222 2203 quod

216 2236 307 2286 autea
320 2230 526 2307 neglexeram,
539 2238 568 2291 et
583 2248 651 2287 eum
664 2228 810 2297 honorem,
824 2228 875 2303 qui
890 2246 908 2287 a
921 2235 1022 2287 senatu
1036 2226 1123 2285 tribui
1135 2227 1222 2287 rebnt

216 2323 334 2383 belliois
345 2327 434 2399 solet,
442 2324 766 2404 negloetumameolim,
774 2342 852 2385 nune
861 2324 932 2383 mihi
941 2324 1134 2400 expetendum
1144 2332 1221 2400 puto.
1253 2344 1257 2351 ·

223 2418 269 2477 14.
291 2420 381 2481 Huie
402 2440 483 2481 meae
497 2422 645 2493 voluntati,
658 2422 689 2479 iu
702 2440 761 2498 qua
779 2421 854 2481 inest
867 2420 965 2496 alique
978 2421 1024 2479 vis
1037 2420 1222 2493 desideriied

223 2517 393 2575 eauandrrm
415 2518 518 2576 vulnus
545 2516 675 2592 iujuriae,
698 2524 730 2575 ut
756 2514 856 2577 faveas
881 2515 1053 2591 adjutorque
1075 2517 1122 2588 sis,
1145 2514 1263 2592 quodne

225 2612 325 2687 paullo
339 2626 412 2674 ante
424 2632 471 2673 me
485 2634 622 2692 negarem
635 2624 811 2692 rogaturum,
822 2614 1007 2673 vehementer
1020 2623 1050 2673 te
1062 2632 1142 2690 rogo,
1150 2609 1223 2673 ”sed

226 2708 275 2780 ita,
288 2710 314 2767 si
329 2730 392 2771 ιιοιι
401 2710 534 2787 jejunum
547 2712 601 2771 hoe
609 2712 705 2770 neseio
715 2710 793 2786 quid,
804 2710 881 2785 quod
894 2728 949 2787 ego
961 2712 1045 2787 gessi,
1055 2720 1085 2769 et
1098 2719 1224 2771 oontem-

228 2806 359 2865 neudum
374 2808 526 2880 videbitur,
539 2808 589 2866 sed
602 2807 659 2866 tale
673 2816 759 2883 atque
772 2816 892 2877 tuntum,
902 2816 935 2863 ut
947 2806 1030 2863 multi
1040 2823 1223 2882 nequaquam

228 2902 351 2977 paribus
366 2906 452 2963 rebus
462 2904 584 2963 honores
594 2922 718 2962 summos
729 2922 749 2962 a
759 2912 860 2962 senatu
873 2904 1016 2962 oonseouti
1026 2904 1091 2961 sint
1131 2902 1223 2978 Eqm-

231 2997 296 3056 dem
317 3002 408 3059 etiem
427 3000 497 3059 illud
515 3000 585 3057 mihi
599 3000 726 3058 animum
740 3000 899 3058 advertisse
913 3000 1031 3067 videos-3
1053 2998 1123 3077 (seis
1135 2999 1261 3069 enimn

231 3111 319 3168 quam
333 3104 443 3154 attente
457 3104 485 3153 te
498 3094 598 3153 audire
611 3094 718 3154 soleam
730 3094 753 3171 t)
775 3106 805 3155 te
819 3114 876 3154 non
890 3106 948 3155 tam
962 3114 1009 3154 ree
1022 3104 1116 3172 gestes
1134 3112 1223 3170 quem

234 3204 336 3261 mores,
349 3190 479 3261 institute
498 3198 583 3265 atque
604 3190 694 3248 vitam
715 3192 919 3269 imperatorum
940 3202 1069 3269 spectare
1086 3191 1179 3249 solere
1190 3190 1223 3247 in

234 3283 372 3344 habendis
386 3294 506 3345 autnon
520 3286 658 3347 habendis
672 3290 835 3350 honoribus.
878 3288 963 3364 Quod
976 3290 1000 3346 si
1013 3289 1044 3345 in
1057 3306 1123 3346 mee
1136 3306 1224 3347 eausa

237 3381 435 3451 oomiderabis,
453 3382 582 3457 reperies
600 3388 798 3449 moerorum
820 3386 964 3447 imbecillo
989 3393 1089 3443 ωιιιι
1114 3392 1223 3444 metum

236 3477 355 3533 maxind
375 3476 442 3537 belli
460 3478 654 3543 firmissimum
669 3486 846 3563 praesidium
858 3485 992 3545 habuisse
1005 3482 1180 3558 nequitatem
1193 3486 1263 3539 etet

238 3573 446 3633 eontinenu'em.
487 3574 545 3635 His
569 3598 623 3658 ego
650 3582 783 3643 subsidiis
806 3601 844 3643 ee
865 3601 928 3641 eum
951 3588 1126 3651 consecutae,
1147 3594 1224 3655 quae

237 3668 319 3729 nubis
340 3669 499 3745 legionibus
519 3679 654 3754 eousequi
670 3679 833 3755 potuissem,
846 3687 878 3737 ut
889 3697 929 3737 ex
944 3676 1126 3737 alienissimis
1140 3674 1223 3735 sociis

239 3765 428 3841 amicissimos,
441 3788 480 3829 ex
492 3774 693 3837 infidelissimis
703 3775 880 3835 firmissimos
888 3775 1046 3845 redderem,
1055 3773 1223 3849 animosque

239 3876 381 3949 novarum.
392 3886 489 3927 rerum
505 3870 718 3946 exspectatione
728 3888 878 3945 suspensos
888 3871 926 3929 ed
936 3871 1041 3929 veteris
1052 3869 1165 3945 imperii
1174 3868 1224 3925 be·
1297 3898 1303 3913 ·

240 3962 429 4023 neeolentiam
444 3966 632 4025 baduderem.
675 3964 721 4023 15.
742 3964 801 4026 Sed
814 3968 900 4024 nimis
916 3967 987 4025 haec
1002 3967 1093 4025 multa
1110 3966 1147 4025 de
1166 3975 1263 4037 mett

240 4060 404 4129 praesertim
414 4060 450 4118 nd
460 4070 496 4129 te,
501 4054 540 4117 1⁷a
548 4078 604 4135 quo
613 4078 670 4117 uno
678 4060 805 4118 omnium
814 4062 954 4119 soeiorum
962 4060 1097 4135 querelae
1105 4060 1224 4117 audiun·

242 4160 299 4212 tur:
319 4174 473 4232 eognosoos
493 4174 531 4215 ex
549 4154 592 4227 iis,
605 4154 656 4231 qui
668 4154 739 4213 meis
751 4154 889 4214 institutis
902 4172 934 4215 se
946 4164 1090 4214 recreatos
1103 4162 1224 4231 putant3
