3317 4984
665 578 693 623 0·
715 576 860 623 comeus

526 831 796 897 EPISTOLA
834 832 1006 893 XVII.-

570 1006 635 1074 (θα.
646 1008 744 1061 Romae
753 1006 787 1059 A.
797 1008 830 1060 U.
844 1007 874 1061 c.
886 1008 952 1074 7⁰1.)

440 1138 475 1188 Δ.
487 1136 520 1190 U.
534 1134 562 1189 c.
573 1138 627 1188 tor.
658 1134 727 1187 Ante
739 1134 768 1187 G.
778 1134 811 1186 N.
823 1140 862 1186 58.
893 1136 964 1187 Anni
976 1135 1028 1189 cic
1040 1141 1080 1188 tt.

321 1261 407 1318 Coss.
425 1264 473 1319 Or.
489 1264 636 1316 Dorrrrrrs
653 1262 805 1325 cernuus,
820 1262 858 1313 Μ.
875 1262 1023 1315 Vmerus
1037 1264 1178 1317 Massam

248 1420 293 1473 ffi
307 1427 435 1477 eonsules
444 1422 498 1477 'nou
513 1424 571 1475 Καὶ.
588 1424 714 1477 ianuariis
725 1424 897 1489 magistratum
907 1425 1021 1487 inierunt,
1032 1425 1076 1475 sed
1086 1433 1143 1491 post
1152 1424 1224 1491 plura
1233 1426 1270 1474 in-

209 1508 353 1569 terregm
363 1521 450 1557 mense
460 1506 545 1571 Aprili
555 1506 656 1556 demum
667 1505 742 1557 creeti
752 1514 818 1555 sunt.
940 1511 951 1529 ⁵

251 1582 371 1649 Cicero,
382 1596 515 1652 postquem
531 1586 567 1636 Μ.
580 1584 693 1647 Cmssus,
704 1585 815 1635 exercitu
824 1598 842 1634 a
850 1583 948 1635 Parthis
959 1584 1047 1648 deleto,
1058 1586 1168 1651 perierat,
1180 1586 1207 1636 in
1216 1586 1269 1651 ejus

212 1661 318 1716 locum
331 1682 411 1733 αψ
420 1666 500 1718 Μαι
510 1674 555 1719 est

464 1828 508 1888 Μ.
528 1828 564 1889 Τ.
586 1826 712 1889 Orcuao
734 1826 768 1889 Ο.
788 1824 940 1889 ¹Cmuour
961 1826 991 1888 S.
1012 1826 1050 1885 D.

271 1959 306 2015 1.
332 1957 531 2035 Epistolurum
550 1976 659 2035 genere
671 1956 763 2017 multe
776 1974 840 2015 esse
852 1974 911 2015 oon
922 1956 1058 2033 ignoras3
1076 1956 1128 2015 sed
1140 1974 1231 2015 unum

222 2052 311 2113 illud
319 2052 530 2125 'certissimum
538 2052 619 2129 cujus
627 2072 715 2112 causo
723 2053 844 2111 iuventa
856 2070 903 2111 ree
913 2053 978 2129 ipse
990 2060 1042 2123 est,
1050 2061 1082 2111 ut
1094 2053 1230 2112 certiores

225 2146 404 2209 faceremus
424 2150 602 2221 absentes,si
622 2149 692 2225 quid
712 2132 798 2221 esset}
810 2148 888 2224 quod
908 2166 956 2207 eos
977 2148 1050 2207 scire
1063 2146 1231 2207 aut⁸uostra

229 2254 290 2303 aut
303 2234 435 2323 ipsorum
448 2247 604 2305 interesset.
646 2244 744 2321 Hujus
757 2245 872 2323 generis
885 2244 995 2303 litteras
1008 2263 1028 2303 a
1038 2263 1087 2303 mc
1103 2243 1231 2322 profecto

230 2359 299 2400 non
321 2350 481 2419 exspectes
522 2341 653 2401 'Iberum
674 2342 753 2399 enim
773 2358 872 2401 rerum
897 2340 1067 2401 domesticos
1089 2341 1179 2401 habes
1201 2350 1231 2401 et
1254 2355 1270 2401 s

234 2438 395 2514 scriptores
410 2446 439 2497 et
451 2440 585 2507 nuntios;
604 2438 634 2496 in
647 2438 720 2498 meis
733 2446 831 2496 eutem
844 2437 1012 2496 rebosnihil
1021 2447 1144 2496 estseue
1153 2438 1231 2496 novi.

237 2530 370 2609 Reliqua
383 2542 449 2592 sunt
468 2534 653 2610 epistolarum
673 2552 781 2611 genera
798 2532 865 2605 duo,
878 2550 954 2609 quoe
966 2552 1014 2592 me
1026 2552 1132 2610 magno
1143 2554 1231 2613 opere

237 2629 405 2689 delectant:
425 2648 514 2691 unum
537 2628 678 2688 familiare
703 2638 732 2688 et
748 2628 887 2705 jocosum,
907 2628 1029 2687 alterum
1049 2649 1183 2689 severum
1202 2640 1232 2689 et

239 2744 341 2801 grave.
382 2724 457 2785 Utro
477 2744 525 2784 me
546 2726 641 2785 minus
662 2726 764 2785 deceat
783 2726 834 2797 uti,
854 2745 911 2785 uon
931 2727 1068 2804 intelligo
1107 2726 1232 2787 Jooerue

240 2833 338 2881 tecum
362 2840 416 2899 per
438 2820 569 2881 litteras?
611 2820 713 2881 Civem
735 2823 900 2881 mehercule
922 2841 981 2881 nou
1003 2832 1074 2898 puto
1092 2841 1165 2894 esse,
1181 2823 1231 2898 qui
1242 2834 1272 2883 10

241 2916 432 2995 ‘temporibus
452 2910 501 2977 his'
516 2918 609 2977 ridere
630 2920 727 2995 possit.
768 2918 818 2976 An
832 2920 950 2996 gravius
963 2920 1073 2995 aliquid
1086 2917 1232 2978 scobem?

243 3012 324 3089 Quid
338 3022 390 3085 est,
403 3014 479 3090 qood
493 3014 582 3089 possit
595 3014 724 3091 guaviter
737 3012 907 3073 eCiceroue
920 3016 1006 3074 scribi
1020 3017 1058 3074 ed
1070 3014 1232 3087 Curionem,

242 3110 297 3167 nisi
311 3110 348 3167 de
362 3128 394 3168 re
409 3107 545 3185 publico?
585 3108 684 3185 Atque
697 3110 728 3167 in
742 3110 797 3169 hoc
809 3130 918 3187 genere
928 3114 1172 3172 baecmeoceosa
1181 3123 1232 3185 est,

242 3214 275 3264 ut
286 3202 395 3280 ‘neque
409 3224 452 3275 eu,
464 3224 540 3280 quae
553 3206 651 3277 sentio,
664 3224 719 3265 uec
732 3224 809 3282 quee
821 3226 880 3267 nou
892 3209 985 3269 sentio
998 3210 1086 3267 velim
1099 3210 1232 3268 scribere.

243 3302 271 3359 2.
294 3300 498 3376 Quamobrem,
511 3302 646 3376 quoniam
667 3302 737 3359 mibi
751 3304 862 3362 nullum
875 3306 1018 3364 scribendi
1031 3314 1232 3383 argumentum
1242 3320 1272 3366 1⁵

242 3396 376 3456 relictom
397 3406 448 3467 est,
466 3406 531 3455 utar
552 3416 588 3455 ee
609 3398 746 3469 ubucula,
760 3418 818 3475 qua
841 3402 927 3471 soleo,
941 3411 1027 3478 teque
1051 3404 1087 3461 sd
1108 3402 1232 3461 studium

243 3513 373 3553 summae
393 3494 486 3553 laudis
506 3495 682 3554 cohortabor.
724 3498 779 3557 Est
792 3501 870 3560 enim
883 3502 935 3560 tibi
946 3497 1054 3578 ‘gravis
1068 3502 1234 3561 adversarie

243 3591 397 3650 constitute
415 3600 444 3648 et
462 3600 572 3669 parata,
587 3592 761 3653 incredibilis
774 3598 915 3671 quaedem
931 3600 1126 3675 exspectatio;
1146 3618 1234 3675 quam

244 3696 275 3745 tu
297 3704 355 3744 uno
374 3704 407 3744 re
427 3684 564 3755 facillime
577 3683 707 3761 'vinces‘
719 3690 743 3748 si
757 3692 811 3751 hoc
824 3695 965 3764 sumeris,
980 3714 1102 3770 quarum
1115 3696 1233 3754 laudum

245 3782 365 3860 glorium
386 3782 537 3855 ademeris,
552 3785 656 3859 quibus
676 3786 785 3845 artibus
799 3806 853 3846 eae
866 3789 965 3849 laudes
979 3801 1188 3868 comparantur,
1201 3793 1231 3849 iu
1241 3802 1273 3851 20

244 3878 279 3937 iis
300 3895 363 3937 esse
384 3878 598 3937 elaborandum.
637 3878 675 3941 In
695 3881 770 3941 hanc
789 3886 960 3943 senteutiam
974 3887 1128 3947 scriberem
1141 3889 1233 3965 plura,

275 4044 519 4097 *erramus
633 4032 637 4040 '

276 4125 371 4177 Error.
386 4124 478 4175 xvn.
510 4126 594 4175 ‘Dist
610 4126 658 4177 bet.
676 4126 741 4178 virm
757 4129 807 4180 ond
822 4147 920 4197 παραυ
934 4132 1071 4186 coinooeud
1083 4134 1193 4195 <ierim
1209 4135 1274 4185 vim

247 4207 416 4273 mdopprimo.
451 4204 484 4254 V.
496 4220 519 4255 o.
531 4208 554 4256 7.
