3317 4984
364 423 422 483 796
813 442 934 488 ossnro

402 601 670 665 contreCucserem
686 623 787 682 gerere
807 604 938 668 bellum
975 604 1077 683 Atque
1095 605 1390 682 inum-idme

403 717 468 757 cum
487 701 644 772 mendacio,
663 702 689 759 si
708 700 805 773 vultis,
823 698 994 777 'gloriemini
1017 718 1070 779 per
1093 720 1140 761 me
1159 701 1229 760 licet
1253 719 1306 759 ros
1324 718 1391 777 pro

404 793 527 853 vinciam
544 794 765 856 fuiseeCeeseri
783 796 945 856 traditurus.
985 797 1109 857 Etiamsi
1125 796 1391 873 cVeroeteqni·

402 886 522 949 busdam
535 891 597 949 aliis
612 892 746 969 prohibiti
759 892 836 963 estis,
850 910 904 969 ego
916 902 1014 952 turm
1027 894 1183 953 confitebor
1196 893 1315 971 culpem
1328 908 1391 951 esec

378 978 522 1063 bLigerii,
535 988 586 1062 qui
599 1007 649 1045 voe
662 997 758 1046 mutue
771 988 863 1047 leudis
876 990 1023 1049 occasione
1037 990 1201 1065 privaverit.

443 1082 500 1139 IX.
529 1083 576 1141 26.
598 1081 656 1143 Sed
669 1084 744 1167 vide,
757 1103 872 1161 quueen
884 1082 1203 1156 cuumlumstantiam
1215 1084 1391 1145 omst‘mi

404 1178 459 1237 viri
473 1177 676 1260 [Tuberunis],
687 1199 773 1257 quum
786 1200 848 1259 ego,
859 1183 990 1258 quanvis
1003 1183 1064 1259 ipse
1077 1185 1236 1261 probarem,
1245 1194 1279 1241 nt
1291 1184 1390 1260 probo.

404 1287 500 1334 temen
517 1295 575 1335 non
592 1295 852 1348 commemorarem,
865 1280 919 1337 nisi
937 1299 957 1339 e
974 1288 1003 1339 te
1024 1281 1218 1357 cognovissem
1237 1280 1268 1336 in
1288 1279 1391 1355 prinde

404 1387 468 1430 eam
487 1372 624 1431 virtutem
643 1372 736 1433 solere
754 1374 876 1435 numni
929 1374 1011 1451 Quue
1031 1375 1086 1434 suit
1104 1377 1191 1453 igitur
1210 1392 1341 1450 unquam
1359 1376 1389 1433 in

366 1479 397 1527 10
407 1466 465 1526 ullo
484 1468 598 1527 homine
618 1479 697 1529 tants
715 1469 896 1531 constante?
915 1474 1102 1531 consentiam
1121 1470 1208 1531 dico?
1234 1472 1335 1531 nescio
1351 1488 1390 1529 un

404 1564 507 1623 melius
525 1566 692 1642 petientism
710 1568 818 1643 possim
837 1568 942 1627 dicere
982 1566 1107 1643 'Quotus
1126 1570 1203 1627 enim
1218 1568 1298 1627 istud
1313 1566 1391 1643 quis·

405 1678 461 1737 que
474 1658 595 1733 fecisset,
608 1670 649 1733 ut,
661 1681 681 1721 a
694 1664 798 1739 quibus
811 1664 841 1721 in
854 1664 1029 1723 dissensione
1042 1664 1120 1723 civili
1133 1684 1190 1723 non
1202 1674 1280 1723 esset
1293 1680 1391 1741 reecp-

405 1766 545 1829 breeseet
557 1756 908 1820 etiamnum⁸c1udelitete
918 1760 1160 1836 rejectnnsdeus
1174 1762 1250 1837 ipsus
1263 1756 1391 1819 reditu?

404 1850 507 1930 Mngni
526 1854 674 1931 enjusdam
693 1851 793 1913 ‘enimi
812 1866 899 1931 eupue
916 1856 981 1931 ejus
1007 1858 1070 1927 viri,
1088 1874 1176 1933 quem
1201 1857 1239 1915 dc
1259 1864 1391 1932 susceptu

367 1962 491 2009 lucense
521 1952 723 2027 propositaque
747 1952 892 2011 sententis
916 1952 997 2011 nulle
1025 1952 1206 2023 contumelia,
1232 1952 1313 2009 nulls
1338 1952 1391 2023 ris,

405 2042 516 2103 nulium
539 2048 700 2123 pericnlum
722 2045 822 2125 ‘possit
847 2048 1000 2125 depellere.
1047 2050 1097 2107 27.
1127 2044 1273 2107 “Utenim
1296 2058 1392 2107 uem

405 2143 488 2219 perio
500 2142 648 2201 Tuberoni
667 2162 733 2202 cum
746 2143 827 2203 Vero
845 2143 972 2215 densent,
985 2144 1082 2215 bonos,
1096 2144 1235 2216 nobiiitns,
1249 2144 1391 2221 splendor,

405 2240 559 2316 ingenium,
578 2257 653 2317 quae
672 2258 855 2317 nequequam
875 2238 1005 2309 summu
1029 2241 1082 2300 hnc
1104 2252 1182 2300 certe
1205 2240 1392 2317 praecipuum

406 2334 575 2409 Tuberonis,
594 2338 670 2413 quod
688 2333 775 2413 'justu
793 2356 862 2397 cum
881 2332 1000 2416 imperio
1018 2358 1059 2399 ex
1075 2350 1194 2398 senatus
1214 2340 1345 2397 consultu
1363 2340 1393 2397 in

367 2446 399 2494 20
405 2433 581 2510 provinciam
595 2452 676 2493 suum
685 2442 814 2493 venerat.
849 2432 928 2493 Hinc
940 2434 1097 2511 prohihins
1110 2450 1169 2495 uon
1180 2435 1219 2493 nd
1230 2432 1393 2507 &mrem

406 2549 443 2589 ne
463 2530 561 2601 irutus,
581 2548 639 2589 non
657 2530 783 2601 domum,
800 2547 840 2591 ue
860 2530 945 2601 inore,
964 2550 1020 2589 nnn
1041 2532 1071 2589 in
1089 2531 1218 2607 utiquam
1236 2530 1394 2607 regionem,

406 2642 444 2685 ne
462 2626 650 2684 condemnere
668 2644 784 2684 csusam
802 2626 891 2696 illem,
905 2642 991 2701 quem
1004 2636 1118 2685 secutus
1132 2635 1216 2697 emet,
1229 2626 1394 2685 rideretur:

407 2723 437 2779 in
450 2720 651 2781 Macedonium
668 2722 708 2781 ud
722 2720 776 2781 Gn
795 2722 929 2799 Pompeii
949 2732 1042 2781 cestre
1061 2723 1147 2793 venit,
1167 2723 1197 2779 in
1217 2741 1281 2781 eun
1300 2724 1394 2799 ὶρειω

406 2837 562 2889 causamn
582 2838 640 2895 que
657 2827 720 2877 erut
737 2818 861 2895 rejectus
877 2836 943 2877 crim
959 2817 1072 2894 injurie.
1112 2820 1161 2877 28.
1181 2816 1284 2892 Quid?
1303 2836 1393 2895 quum

369 2929 401 2976 25
410 2912 476 2974 8istu
488 2934 534 2974 ree
547 2915 620 2974 nihil
637 2916 836 2988 commopissct
852 2914 916 2991 ejus
933 2916 1070 2986 nnimum,
1080 2916 1119 2975 sd
1137 2932 1223 2991 quum
1240 2917 1394 2987 veneraris

405 3008 592 3089 languidiore,
612 3012 705 3083 credo,
724 3011 818 3070 etudin
837 3011 867 3069 in
888 3028 977 3071 muse
999 3010 1107 3069 fuistis:
1135 3012 1333 3071 tantummodo
1354 3009 1393 3069 'm

408 3106 556 3183 praesidiis
569 3108 662 3178 eratis,
676 3102 784 3165 ¹⁰euimi
797 3106 1216 3193 rerueceuseebborrebsnt:
1236 3103 1306 3178 uerr,
1319 3108 1395 3165 utfit
1436 3098 1448 3125 ¹
1528 3064 1529 3113 i

409 3204 439 3260 in
453 3202 584 3262 civilibus
597 3203 679 3262 bellis
699 3202 765 3239 ”⁸
787 3220 841 3263 nec
860 3202 891 3261 in
908 3203 988 3261 robis
1003 3203 1097 3278 msgis
1110 3220 1196 3277 quern
1209 3204 1239 3260 in
1252 3200 1394 3279 reliquis?

409 3318 508 3358 omnes
535 3301 611 3358 enim
638 3300 772 3359 vincendi
797 3298 892 3357 studio
919 3298 1094 3357 tenebamur.
1148 3298 1235 3357 Pacis
1261 3298 1394 3375 equidem

370 3410 525 3473 eosemper
544 3404 643 3455 auctor
660 3396 711 3465 fui,
729 3396 780 3455 sed
798 3406 860 3455 turn
876 3412 963 3463 serm
981 3396 1140 3453 eratenim
1158 3394 1287 3464 ementis,
1306 3412 1394 3471 quum

410 3492 501 3552 aciem
528 3490 649 3561 videres,
672 3508 773 3567 pacem
798 3492 931 3568 cogitnre.
984 3488 1101 3559 Omnes,
1129 3490 1253 3565 inqunm,
1277 3491 1394 3548 vincere

381 3604 386 3607 ·
411 3586 592 3646 volebamus:
612 3595 644 3644 tu
661 3596 738 3644 certe
756 3587 918 3663 praecipue,
931 3588 981 3661 qui
998 3586 1029 3643 in
1043 3604 1109 3643 erun
1128 3582 1242 3644 ”iocum
1260 3588 1396 3653 venum,

412 3684 461 3744 ubi
478 3684 530 3743 tibi
551 3691 625 3741 esset
645 3682 832 3757 pereundum,
847 3681 905 3741 nisi
923 3682 1057 3741 vicisses:
1075 3700 1260 3757 quemquem,
1273 3692 1306 3739 nt
1322 3700 1395 3741 nunc

411 3801 442 3840 se
462 3799 510 3839 res
529 3778 624 3850 hebet,
644 3796 702 3835 uon
722 3777 828 3849 dubito,
842 3778 913 3853 quin
933 3776 1007 3837 hanc
1026 3777 1148 3837 salutem
1161 3786 1324 3854 -sntepones
1334 3774 1395 3835 ”itti

372 3876 557 3939 devictoriee.

451 3969 493 4030 X.
534 3971 580 4029 29.
597 3970 680 4029 Haec
699 3986 753 4046 ego
773 3986 830 4027 non
851 3968 984 4037 dicerem,
1003 3966 1128 4039 Tubero,
1146 3969 1172 4027 si
1192 3980 1242 4027 ent
1261 3988 1314 4028 vos
1333 3988 1395 4029 cun·

412 4068 533 4126 stantiae
546 4076 668 4139 reetrue,
681 4073 732 4125 eut
744 4062 897 4124 Caesarem
909 4064 1041 4123 beneficii
1050 4064 1098 4123 sui
1110 4062 1277 4141 poeniteret.
1309 4064 1395 4125 Nunc
