3317 4984
351 494 408 555 tto
687 508 732 551 nr
752 506 860 554 nasso
881 508 1034 557 amuco.

389 669 477 729 hiemi
489 668 701 747 navigationem
714 658 922 745 subjiciendam
934 690 992 731 non
1005 672 1197 732 existimabat.
1236 671 1308 750 Ipse
1316 674 1373 735 ido

388 784 474 825 neam
493 774 693 842 tempestatem
706 773 805 824 neotus
818 766 917 842 paullo
930 775 995 844 post
1007 768 1145 826 madiam⁸
1157 777 1273 828 nootem
1285 790 1373 833 narra

388 862 481 934 solvit,
503 880 577 937 quae
597 878 697 921 omnes
718 862 874 921 ineolitmee
894 863 933 921 ad
953 864 1146 923 eontinentem
1163 877 1374 942 pervenernnt;

388 958 440 1017 aad
459 976 498 1017 ex
512 958 548 1017 iis
561 957 711 1017 onemo
724 956 799 1017 duae
818 954 955 1030 'eoadem
967 978 1039 1034 qnos
1058 960 1196 1035 rellquae,
1216 971 1316 1039 portus
1329 981 1374 1023 oa·

369 1068 463 1132 opere
476 1072 532 1113 non
546 1060 709 1130 potuerunt,
722 1060 752 1111 et
765 1053 864 1129 paullo
875 1051 963 1113 ⁴infra
974 1054 1088 1114 delatae
1100 1066 1175 1115 sunt

429 1148 599 1207 XXXVII.
608 1146 743 1224 ‘¹Qnibns
751 1166 791 1207 ex
803 1150 1024 1226 navibusqnum
1033 1161 1132 1211 essent
1138 1154 1262 1231 expositi
1270 1154 1374 1215 militat

388 1245 502 1305 oirolter
521 1244 649 1317 treoenti‚
668 1252 756 1321 atqua
775 1244 805 1301 in
825 1253 923 1304 ωιτη
942 1246 1153 1319 oontenderent,
1171 1248 1289 1322 Morini,
1302 1268 1373 1326 qnos

390 1339 499 1400 Caesar
524 1340 555 1398 in
582 1338 766 1399 Britanniam
785 1341 968 1415 proficiscens
988 1340 1115 1420 ²[isocrates
1135 1344 1301 1421 reliquerat,
1323 1366 1374 1423 spe

388 1436 641 1515 praedae-adducti
654 1436 748 1513 primo
760 1454 819 1495 non
833 1437 875 1495 ita
883 1456 989 1515 magno
997 1458 1115 1499 snorum
1123 1446 1245 1500 numero
1256 1444 1375 1501 oiroum·

350 1546 382 1595 ιο
390 1542 537 1606 steteram,
550 1552 593 1605 ao,
609 1533 634 1591 si
653 1550 718 1591 sese
737 1531 868 1593 interlioi
880 1535 996 1608 nollent,
1008 1554 1091 1594 arma
1102 1554 1210 1613 ponere
1218 1536 1374 1613 jusserant.

390 1629 488 1705 Quum
501 1630 551 1701 illi,
564 1630 634 1688 orbe
648 1627 732 1701 fanto,
747 1646 812 1687 sese
825 1628 1021 1703 defenderent,
1031 1632 1164 1691 eelerlter
1172 1632 1210 1691 ad
1219 1634 1373 1693 clamorem

388 1726 538 1785 bominum
551 1726 664 1784 obotter
686 1724 767 1783 milia
779 1742 833 1783 sex
855 1734 1058 1785 eonvenerunt.
1100 1725 1213 1801 Quare
1231 1728 1374 1800 nunciata,

390 1814 499 1883 Caesar
511 1840 626 1881 omnem
639 1839 678 1881 ex
688 1822 788 1881 eastris
803 1822 963 1897 equititum
973 1823 1046 1881 suis·
1051 1823 1161 1882 auxilio
1169 1823 1258 1883 misit.
1295 1824 1375 1885 Inte·

388 1918 445 1977 rim
457 1918 545 1977 nostri
555 1917 660 1975 milites
671 1918 809 1993 impetum
817 1917 942 1975 hostium
951 1917 1147 1977 sustinuerant
1154 1926 1243 1995 atque
1251 1920 1373 1996 amplius

351 2009 481 2075 ttborisb
495 2021 629 2089 quattuor
642 2011 796 2071 fortissime
816 2021 1026 2091 pugnavemnt,
1038 2021 1069 2072 et
1087 2014 1187 2090 pauno
1207 2014 1372 2075 vulneribus

388 2110 522 2187 aooeptis,
540 2109 702 2186 compleres
715 2128 754 2168 ex
776 2109 821 2168 hia
841 2109 1015 2169 ooeiderunt.
1053 2106 1175 2169 ⁸Postea
1196 2128 1266 2170 vero
1287 2129 1374 2186 qnam

390 2206 533 2282 equitetue
552 2214 650 2265 noster
668 2205 700 2263 in
719 2213 904 2281 eonspeotnm
922 2206 1010 2277 venit,
1028 2205 1134 2278 bootes,
1146 2205 1266 2282 abjectis
1278 2207 1375 2279 armis,

389 2310 472 2378 terga
484 2310 642 2372 verterunt,
654 2318 834 2378 magnusque
847 2319 947 2360 eornm
959 2304 1097 2361 numeras
1109 2311 1155 2361 eat
1166 2303 1286 2362 ooeisus.

430 2394 617 2455 XXXVIIL
659 2393 768 2455 Caesar
781 2400 895 2473 postem
906 2396 954 2455 die
967 2396 1068 2455 'litam
1078 2396 1240 2457 Labienum
1248 2398 1374 2476 legbtum

350 2504 456 2555 tbotrm
470 2493 515 2551 his
531 2490 701 2567 legionibus,
715 2510 787 2567 quae
801 2510 841 2549 ex
853 2490 1007 2551 Britannia
1018 2493 1183 2566 reduxerm
1192 2495 1223 2551 in
1235 2492 1375 2567 Morinos,

390 2590 441 2665 qni
452 2588 638 2647 rebellionem
652 2585 787 2659 lacerant,
801 2588 887 2647 misit.
928 2586 988 2662 Qui
1000 2608 1089 2665 quum
1102 2598 1221 2667 propter
1232 2590 1374 2651 aiooitates

390 2686 535 2763 paludum,
544 2682 612 2761 ²quo
625 2702 657 2743 se
670 2683 906 2760 reciperentnon
915 2684 1127 2761 haberentque
1139 2685 1271 2763 perfugio
1278 2685 1375 2765 ’anpe-

389 2782 464 2842 riore
477 2800 552 2841 anno
564 2780 679 2839 fuerant
692 2780 745 2853 usi,
758 2798 859 2838 omnes
871 2780 933 2839 fere
949 2781 981 2838 in
994 2790 1165 2857 potestatem
1174 2781 1298 2843 labieni
1309 2802 1375 2859 per·

390 2888 538 2938 venerunt.
578 2878 622 2937 At
635 2875 672 2951 Q.
686 2874 817 2935 Titurius
829 2885 860 2935 et
869 2876 905 2934 L
917 2874 1003 2937 Cotta
1011 2876 1167 2954 legamqm
1179 2878 1210 2935 in
1222 2877 1375 2955 Menapio-

350 2988 455 3037 strum
468 2976 540 3033 fines
560 2974 687 3050 legiones
707 2972 859 3045 duxerant,
878 2972 1011 3031 omnibus
1030 2990 1131 3031 eornm
1150 2974 1229 3050 agris
1247 2976 1374 3047 vastatis,

390 3070 539 3130 bumentia
553 3070 678 3141 suooisis,
691 3069 829 3129 aediliciis
843 3069 976 3142 inoensis,
988 3068 1066 3144 quod
1084 3068 1217 3145 Menapii
1230 3087 1262 3129 se
1274 3088 1374 3131 omnes

390 3168 420 3225 in
434 3165 617 3225 densissimas
630 3165 719 3224 silvas
732 3166 910 3239 abdiderant,
924 3184 956 3224 se
972 3165 1011 3223 ad
1026 3161 1181 3223 &amram
1193 3176 1373 3243 reoepernnt

392 3261 501 3323 Caesar
519 3262 550 3320 in
570 3261 670 3338 Belgis
682 3262 810 3321 omnium
829 3262 975 3339 legionum
988 3261 1111 3319 hiberna
1122 3262 1276 3322 eonstiterit.
1314 3258 1374 3321 ⁸lio

391 3358 466 3419 duae
484 3369 599 3417 omnino
619 3358 749 3417 civitates
769 3377 808 3417 ex
828 3358 980 3417 Britannia
998 3356 1113 3417 obsides
1131 3357 1288 3415 miaemnt:
1307 3358 1374 3415 rell-

351 3469 465 3531 aoquae
479 3456 676 3531 neglexerunt
717 3454 774 3513 His
788 3456 874 3513 rebus
888 3455 984 3532 gestie,
998 3473 1037 3513 ex
1056 3453 1147 3512 literis
1168 3450 1301 3512 Caesaris
1315 3452 1373 3513 die·

390 3570 456 3609 rum
470 3552 572 3626 viginti
586 3551 755 3627 supplicatio
767 3569 787 3609 a
799 3559 902 3609 senatu
914 3551 1031 3611 ‹leereta
1043 3558 1097 3628 est.

385 3720 602 3777 H.-xxxv1.
637 3726 745 3783 usna.

385 3802 527 3853 xxxvn.
558 3803 750 3852 ⁵aso-¹⁴1⁷.

386 3880 426 3935 A.
438 3880 468 3935 ts
479 3880 510 3935 8.
526 3880 693 3931 -xxm
725 3882 798 3941 ¹205,
811 3878 842 3931 lt
854 3880 890 3930 tr.

387 3962 529 4013 xxvaL
560 3961 789 4022 man-*assa
