3317 4984
398 502 456 562 818
724 517 903 563 murum
922 517 1105 565 moeroris.

437 694 689 757 quumquoomues
699 698 757 737 uuo
765 698 855 757 prope
862 696 1002 739 oonwusu
1012 680 1049 739 ds
1057 700 1105 740 me
1112 681 1420 760 apodueuqmemt

437 776 468 834 hi
478 775 655 852 optatissimo
664 784 739 847 suut,
747 776 1420 853 pnedioebmstumdmemnimediemelae

437 880 512 943 tuse,
527 869 642 949 Cyprus
655 872 750 930 insule
762 880 792 931 et
806 870 1005 949 Oeppudom'us
1016 890 1149 949 reguum,
1164 884 1263 933 teoum
1275 875 1313 934 de
1326 894 1372 935 me
1383 878 1422 937 lo

436 978 575 1045 queutur:
590 976 659 1045 puto
668 969 756 1025 etium
766 986 866 1045 regem
878 967 1056 1041 Deioturom,
1064 970 1175 1045 quiuui
1183 970 1238 1030 tibi
1248 974 1421 1033 sumum

410 1064 620 1125 uueoesssrius
660 1060 798 1137 ”Quasu
809 1063 1422 1140 etiummsjoresuutetiuomnibussemiis

435 1160 585 1239 psuoiores
593 1160 648 1217 viri
659 1160 766 1236 reperti
776 1168 850 1232 suut,
858 1160 1171 1238 quisuuseupiditutes,
1178 1182 1270 1239 qum
1279 1165 1332 1239 qui
1341 1166 1422 1224 hosti-

436 1274 484 1315 um
498 1256 594 1331 oupius
607 1256 763 1325 viuoereut,
775 1262 819 1313 est
833 1254 961 1332 proiecto
972 1264 1064 1329 tuum,
1076 1276 1166 1334 quum
1183 1259 1224 1318 ed
1243 1278 1293 1317 res
1310 1260 1422 1321 bellios

436 1353 516 1424 haee,
526 1370 601 1428 quse
611 1350 916 1410 ruriorsetdiffieilioru
925 1362 999 1424 suut,
1008 1370 1117 1430 genere
1126 1354 1242 1413 uirtutis
1249 1353 1423 1429 adjunxeiis,

435 1448 511 1525 ipsus
532 1449 619 1507 etism
638 1448 700 1506 ilius
713 1466 761 1505 res
781 1457 877 1525 gestus
890 1445 1042 1524 ''justiores
1055 1468 1119 1509 osse
1131 1459 1163 1509 et
1174 1450 1302 1526 majores
1316 1462 1421 1528 putere

397 1544 484 1605 1016.
506 1544 679 1603 Extremum
700 1544 771 1602 illud
795 1554 847 1615 est,
865 1552 898 1602 ut
918 1546 1002 1621 qussi
1023 1544 1155 1604 diflidens
1178 1547 1325 1625 rogationi
1345 1566 1421 1607 meus

435 1640 644 1719 philosophiam
660 1640 698 1697 ud
711 1648 740 1697 ts
753 1640 885 1717 allegem,
902 1658 964 1716 que
975 1658 1031 1699 uso
1039 1642 1111 1699 mihi
1120 1642 1215 1701 uerior
1224 1642 1290 1700 ulia
1299 1661 1422 1719 uuquam

435 1756 482 1798 res
495 1738 526 1797 iu
539 1738 599 1795 vitu
611 1736 672 1808 fuit,
687 1737 1422 1815 ueohomiuumgeoesimujmsdeiumuuusullmr

435 1844 479 1895 est
492 1835 598 1893 dutum.
625 1832 723 1891 Haeo
742 1834 839 1910 igitur,
852 1850 928 1909 quse
941 1834 1012 1891 mihi
1031 1843 1126 1893 teoum
1140 1835 1304 1894 eommunis
1317 1844 1370 1908 est,
1381 1854 1422 1897 uo·

435 1932 523 1991 oietss
543 1932 701 1989 studiorum
724 1940 810 2006 utque
831 1930 938 1989 ortium
961 1916 1133 2000 noemmin,
1145 1931 1251 2005 quibus
1264 1950 1285 1989 s
1305 1933 1423 2008 pueritie

397 2044 428 2091 lu
436 2028 524 2087 dediti
543 2046 578 2087 uo
591 2027 714 2085 devincti
735 2028 787 2085 soli
809 2026 1015 2104 propemodum
1027 2044 1080 2084 uos
1099 2026 1315 2102 philosophiam
1327 2046 1421 2087 verum

436 2124 514 2183 illum
527 2132 556 2182 et
569 2124 723 2199 antiquum,
736 2140 811 2198 quse
825 2121 998 2198 quibusdum
1015 2120 1067 2179 otii
1079 2139 1143 2179 esse
1156 2140 1192 2179 so
1203 2121 1337 2181 desidius
1348 2122 1422 2181 vius-

434 2232 490 2291 tur,
503 2222 533 2279 iu
547 2219 640 2278 iorum
657 2230 743 2295 etque
762 2218 793 2277 iu
813 2236 875 2276 rem
896 2216 1041 2295 publium
1059 2225 1147 2292 utque
1166 2216 1197 2274 iu
1217 2217 1316 2293 ipsum
1334 2218 1421 2277 ωἰαιι

434 2334 526 2394 poene
549 2316 729 2387 deduximus,
742 2324 838 2373 tecum
860 2314 922 2391 ugit
942 2312 980 2371 de
1002 2330 1069 2371 meu
1092 2312 1186 2385 heudo,
1209 2313 1260 2371 oui
1283 2314 1386 2390 negari
1403 2333 1422 2373 s

436 2410 545 2471 Ootoue
565 2414 609 2471 fus
629 2430 692 2471 esso
712 2430 770 2471 nou
790 2419 867 2488 puto.
911 2408 1107 2484 Quamobrem
1118 2410 1171 2467 tibi
1184 2409 1228 2468 siu
1248 2410 1421 2486 psmuedous

394 2520 428 2571 so
437 2510 540 2569 velini:
561 2511 586 2567 si
604 2510 675 2566 mihi
694 2518 744 2567 um
766 2506 908 2567 sententis
920 2503 1043 2564 tribuum
1056 2506 1146 2565 honos
1158 2501 1221 2563 ¹”ex
1232 2506 1311 2563 meis
1323 2505 1421 2565 litteus

435 2604 530 2678 fuerit,
549 2624 595 2663 mo
620 2606 661 2665 sio
682 2605 922 2672 existimaturum,
935 2620 1024 2679 quum
1043 2600 1213 2661 suetoritute
1226 2610 1290 2672 tus,
1301 2608 1365 2660 tum
1377 2602 1421 2661 be·

434 2702 597 2762 uevoleutis
609 2720 678 2779 ergo
690 2720 737 2761 me
755 2700 835 2771 mihi,
848 2699 925 2776 quod
937 2699 1065 2757 maxime
1078 2696 1227 2774 cupierim,
1240 2697 1403 2775 ooutigisse.

679 3062 950 3127 EPISTOLA
988 3062 1126 3122 XX1.'

646 3243 790 3303 Tuumus
811 3241 1001 3301 mmm
1022 3238 1111 3301 Suu
1133 3237 1164 3298 S.

473 3386 504 3449 S.
518 3386 555 3447 v.
570 3386 606 3446 Β.
620 3386 657 3445 Ε.
673 3386 710 3445 Ε.
724 3386 763 3445 v.
804 3384 1006 3445 Valentinum
1018 3392 1098 3443 tuam
1108 3382 1196 3441 velim
1205 3385 1417 3463 curaeffigm

431 3486 548 3545 tissime.
589 3484 667 3544 Num
680 3484 751 3542 mihi
765 3492 794 3543 st
808 3484 945 3560 seriptum
959 3492 989 3540 et
1001 3482 1162 3539 nuntiatum
1173 3490 1218 3538 est
1227 3490 1258 3539 te
1270 3481 1303 3539 iu
1316 3480 1416 3541 febrim

391 3594 423 3643 tu
432 3582 524 3641 subito
537 3582 678 3641 incidisse.
719 3578 804 3655 Quod
818 3577 1108 3639 eeleritermeieuisti
1121 3577 1158 3634 de
1170 3574 1307 3637 Caesaris
1317 3578 1414 3637 litteris

430 3682 588 3753 certiorem,
612 3679 704 3740 fecisti
726 3678 797 3737 mihi
819 3688 941 3755 gratum.
982 3676 1057 3736 Item
1078 3676 1204 3753 posthoc,
1217 3674 1242 3732 si
1256 3674 1328 3750 quid
1348 3694 1414 3751 opus

431 3780 493 3851 erit,
507 3780 531 3838 si
546 3781 615 3857 quid
628 3778 763 3838 acciderit
775 3776 852 3847 novi,
865 3772 972 3846 ¹hoies,
985 3781 1018 3832 ut
1030 3772 1127 3833 seium
1170 3768 1259 3843 Curru,
1268 3779 1303 3828 ut
1312 3770 1413 3829 vum

470 3874 554 3935 Vale.
596 3875 634 3934 D.
646 3874 723 3933 1111.
737 3872 838 3931 Nouus
850 3870 920 3931 Juu.

758 4033 1042 4087 *Auram-s
