3317 4984
405 532 594 577 πωπω
614 532 655 573 rr
675 530 859 575 runurorsn
879 532 919 574 nr
940 532 1102 577 cronnour.
1204 520 1262 578 298

207 689 303 749 nonni
317 702 442 765 ensem,
457 690 502 753 l'si
514 692 644 751 obtinere
662 692 840 769 potuissent3
860 693 904 751 sin
917 694 954 752 ad
973 712 1026 753 nos
1037 691 1223 771 ”pertineret

206 785 374 856 servirent,
390 798 602 863 praeterquam
616 787 720 863 oppido
733 787 826 863 penei
867 786 927 847 Sed
939 788 1012 847 liaeo
1023 790 1135 847 minora
1147 801 1221 849 sunt

205 884 235 941 5.
257 884 311 943 Tu
334 880 451 961 ¹⁷qnod
470 904 517 946 me
537 886 668 958 homme,
681 894 714 944 ut
733 886 829 945 animo
842 887 897 945 sim
909 906 1014 964 magno
1026 897 1057 947 et
1073 906 1154 965 spem
1173 891 1224 948 hn-

205 982 298 1041 benm
326 984 549 1059 reciperandae
570 982 678 1055 salutis,
701 982 731 1041 id
751 978 861 1041 ”velim
882 983 921 1041 sit
939 982 1088 1058 ejusmodi,
1100 994 1133 1043 ut
1145 995 1223 1045 reete

206 1096 337 1153 sperare
353 1082 517 1156 possimus.
559 1078 654 1151 Nune,
667 1078 754 1139 miser
763 1079 878 1154 qnando
887 1088 951 1138 tuas
960 1078 1022 1155 jam
1032 1081 1142 1139 litteras
1151 1083 1225 1141 aroi-
1248 1098 1263 1143 ὕ

207 1172 319 1252 piam?
341 1177 420 1251 quis
436 1178 476 1236 ad
487 1194 535 1235 me
548 1172 697 1252 perferet?
716 1192 788 1250 quas
802 1192 857 1253 ego
869 1184 1080 1251 exspectassem
1101 1176 1225 1237 Brundi-

208 1271 256 1343 sii,
270 1271 298 1329 si
316 1280 407 1331 eseet
420 1273 530 1331 licitum
543 1290 597 1348 per
606 1278 716 1341 nautas,
726 1271 776 1346 qui
786 1280 985 1347 tempestatem
998 1274 1224 1348 praetermittere

210 1366 393 1427 uoluerunt.
443 1368 528 1443 Quod
541 1368 684 1443 reliquum
698 1374 749 1437 est,
763 1375 892 1426 sustenta
904 1376 942 1440 te,
955 1386 1022 1426 mea
1034 1368 1180 1442 Terentia,
1193 1380 1226 1429 ut

212 1472 309 1541 potes,
333 1450 553 1523 honestissime.
596 1462 750 1531 Viximus3
776 1462 943 1531 floruimus;
962 1482 1020 1522 non
1040 1451 1142 1523 vitium
1161 1484 1226 1525 nos·

213 1574 297 1621 trum
312 1564 373 1621 sed
390 1565 486 1621 virtus
501 1572 598 1621 nostra
607 1580 659 1620 nos
669 1560 781 1619 afflixit.
821 1560 979 1619 Peooatum
989 1570 1033 1620 est
1041 1563 1224 1635 nullum‚nisi
1234 1578 1265 1625 10

214 1660 298 1735 quod
323 1678 392 1717 non
417 1678 476 1719 nna
498 1659 622 1717 animam
645 1676 709 1717 oum
732 1657 906 1716 ornamentis
919 1658 1073 1716 amisimus
1129 1658 1226 1720 Sedsi

214 1754 274 1817 boo
294 1754 360 1815 fuit
383 1756 485 1815 liberis
500 1754 604 1813 nostris
617 1754 734 1831 gratius,
748 1772 800 1813 nos
814 1753 922 1826 vivere,
936 1764 1039 1825 uetera,
1053 1773 1226 1831 quemquam

217 1851 351 1913 ferenda
373 1872 435 1911 non
449 1860 523 1924 sunt,
538 1850 671 1910 seramus.
712 1848 812 1925 Atque
827 1868 889 1927 ego,
901 1850 951 1925 qui
964 1858 994 1908 te
1007 1851 1151 1923 oonfirmo,
1163 1853 1226 1929 ipse

219 1967 350 2007 menon
368 1966 494 2025 possum.
539 1947 565 2004 6.
589 1944 721 2005 Clodium
736 1944 963 2017 Philhetaerum,
973 1946 1049 2021 quod
1062 1948 1226 2009 valetudine

220 2043 385 2103 ooulornm
406 2042 623 2118 impediebatur,
639 2041 783 2099 hominem
800 2040 923 2114 fidelem,
936 2042 1042 2100 remisi.
1084 2040 1226 2104 Salustius
1235 2058 1265 2107 lt

223 2138 323 2197 ollioio
346 2138 442 2197 vineit
465 2154 573 2195 omnes.
616 2136 794 2196 Pescennius
822 2146 865 2196 est
890 2140 1099 2216 perbenevolus
1126 2142 1226 2212 nobis;

224 2252 318 2313 quem
349 2253 467 2311 semper
494 2252 579 2311 spero
607 2234 650 2292 tui
673 2233 735 2295 fore
755 2236 963 2295 observantem
1004 2234 1087 2297 Sioca
1114 2238 1227 2297 dixerat

226 2348 259 2391 se
273 2348 399 2391 meeum
419 2329 489 2402 fore,
503 2330 556 2388 sed
577 2327 732 2390 Brundisio
746 2332 884 2391 disoeeit
925 2331 1011 2407 Oura
1024 2335 1119 2410 quoad
1137 2344 1227 2412 potes,

228 2434 261 2485 nt
289 2426 406 2497 valeas,
434 2434 463 2483 et
490 2426 531 2485 sio
559 2426 713 2499 existimes,
739 2444 787 2487 me
810 2428 1009 2488 vehementius
1036 2439 1086 2489 tua
1111 2432 1227 2492 miseria

229 2543 323 2601 quem
337 2543 407 2583 mea
420 2524 600 2583 commoveri.
642 2522 714 2582 Mea
723 2524 869 2597 Terentia
879 2525 1014 2585 fidissima
1024 2538 1110 2603 atque
1120 2528 1227 2604 optima
1235 2538 1267 2589 2⁰

231 2638 319 2693 uxor,
343 2628 375 2678 et
397 2637 462 2677 mea
480 2618 626 2677 mrissima
647 2618 741 2691 filiola,
754 2626 783 2679 et
797 2638 863 2697 spes
874 2620 987 2697 reliqua
999 2631 1104 2695 nostm,
1119 2620 1229 2697 Oioern,

232 2715 345 2773 valete.

276 2808 384 2869 Pridie
399 2808 546 2869 Kalendm
560 2807 667 2880 Maius,
681 2808 845 2870 Brundisio.

554 3129 815 3195 EPISTOLA
854 3133 971 3194 v11.-·

348 3290 428 3353 <naa
440 3290 759 3343 Thessalonionoadm.
791 3292 856 3345 Non
867 3292 1172 3362 omnemneeoo.)
1222 3374 1227 3382 ⁴

323 3420 369 3481 M.
389 3420 533 3480 'lusurus
557 3420 587 3481 S.
610 3422 647 3480 D.
668 3420 857 3481 Tnnnrrmr
876 3438 917 3480 rr
937 3401 1189 3485 'lermoennum

630 3516 790 3579 Crouaour
811 3514 894 3578 Sura

284 3664 313 3719 1.
333 3661 402 3720 Noli
423 3673 524 3739 putare
545 3683 593 3724 me
611 3666 649 3723 ad
669 3682 843 3742 quemqnam
861 3662 1003 3740 longiores
1016 3661 1148 3738 epistolas
1162 3662 1231 3722 sori·

246 3758 322 3830 bere,
332 3759 386 3816 nisi
398 3760 422 3817 si
433 3762 496 3838 quis
507 3764 543 3823 ad
553 3784 600 3825 me
608 3765 693 3841 plura
703 3764 822 3843 sor-ipsit,
832 3763 877 3821 rui
885 3770 955 3837 puto
963 3758 1081 3818 rescribi
1089 3768 1229 3837 oportere.
1237 3773 1269 3821 tt

246 3850 310 3911 Neo
320 3858 397 3915 enim
411 3862 511 3933 habeo,
520 3862 589 3939 qnid
603 3862 733 3933 scribam,
740 3880 794 3921 neo
806 3862 862 3920 hoo
875 3870 1002 3937 tempore
1012 3859 1169 3935 quidquem
1178 3855 1231 3915 dif-

247 3953 346 4014 flnilius
361 3956 443 4019 facio.
485 3958 536 4017 Ad
556 3968 585 4017 te
598 3976 668 4017 vero
681 3958 761 4017 etad
778 3967 905 4017 noemam
918 3956 1072 4017 Tulliolam
1085 3975 1142 4015 non
1155 3971 1231 4030 queo

616 4144 684 4197 *An
698 4144 771 4197 Fam.
787 4144 864 4197 XIV.
881 4152 904 4198 κ
964 4138 972 4149 ’
