3317 4984
379 530 438 591 806
828 545 957 599 onemo,

420 706 715 781 voluericmenstum
733 708 858 767 noluerit
877 707 1027 769 occidere?
1067 709 1114 769 21.
1134 708 1172 769 In
1191 716 1348 785 posterum,
1360 706 1401 765 in·

419 805 489 880 quit,
501 805 579 863 diem
597 806 715 877 distulit,
732 813 766 863 ut
785 823 874 881 quum
894 806 925 863 iu
945 801 1261 865 castellumiLuceium
1282 814 1400 861 ventum

419 908 503 971 esset,
523 900 564 959 ibi
586 900 709 977 cogitem
730 901 889 977 perliceret.
940 900 1008 959 Non
1032 901 1115 959 video
1136 918 1251 959 musam
1273 898 1401 957 mutendi

417 995 492 1065 loci;
519 991 591 1055 ¹⁰sed
618 1006 715 1055 tumen
736 1006 802 1056 ectu
826 1014 874 1057 res
897 996 1048 1057 mminoss
1070 1006 1121 1055 est.
1170 994 1279 1070 Quum,
1302 995 1402 1071 inquit,

397 1086 557 1151 invomere
570 1101 635 1168 post
648 1109 768 1151 coenum
780 1100 810 1151 te
822 1092 900 1151 velle
912 1092 1043 1164 dixisses,
1056 1092 1086 1151 in
1104 1091 1237 1151 balneum
1254 1102 1284 1149 te
1296 1091 1401 1149 ducere

417 1196 590 1263 coeperunt3
618 1187 659 1246 ibi
676 1187 753 1246 enim
772 1197 856 1247 erunt
873 1188 1001 1247 insidise.
1049 1188 1140 1247 Alte
1160 1188 1261 1246 endem
1283 1198 1335 1245 tue
1353 1187 1401 1245 ilh

418 1281 533 1341 fortune
544 1284 684 1343 servavit:
703 1280 754 1342 ¹'in
767 1284 898 1345 cubiculo
910 1284 998 1345 melle
1011 1284 1117 1343 dixisti.
1152 1283 1202 1342 Dii
1216 1294 1245 1341 te
1260 1283 1400 1359 perduint,

417 1376 552 1457 fugitivei
572 1379 613 1437 itu
625 1397 682 1437 non
696 1378 780 1437 mmo
793 1397 918 1455 nequem
931 1388 961 1439 et
973 1380 1126 1457 imprubm,
1139 1378 1293 1439 sedetiam
1306 1378 1400 1437 faurus

418 1482 448 1533 et
466 1492 565 1533 umens
585 1491 627 1533 es.
675 1471 775 1549 Quid?
798 1474 849 1535 ille
868 1475 951 1553 signs
970 1494 1061 1537 senes
1080 1476 1110 1535 in
1130 1476 1235 1533 insidiis
1256 1482 1399 1551 posuerat,

381 1580 411 1629 1⁰
419 1588 494 1645 quse
506 1588 524 1627 e
536 1570 639 1629 balneo
651 1571 682 1629 iu
695 1570 859 1631 cubiculum
872 1570 1017 1640 nnnsfeni
1031 1590 1087 1629 nou
1101 1568 1237 1647 possent?
1277 1566 1399 1629 ”flatu

419 1666 538 1725 crimine
555 1666 741 1725 insidiarum:
760 1666 834 1725 nihil
853 1668 930 1727 euim
949 1667 1023 1725 dixit
1042 1657 1171 1742 emplius.
1213 1664 1338 1736 Horum,
1358 1666 1399 1723 in-

418 1764 490 1839 quit,
509 1780 590 1837 erum
608 1764 747 1823 conscius.
798 1761 877 1839 Quid
900 1761 984 1823 tum?
1004 1764 1045 1821 its
1067 1762 1116 1821 ille
1139 1762 1257 1821 demens
1277 1772 1349 1833 erut,
1369 1772 1399 1821 m

419 1877 494 1931 eum,
506 1878 593 1935 quem
612 1860 685 1918 tenti
704 1860 821 1920 seeleris
841 1860 986 1919 conscium
1005 1859 1130 1929 heberet,
1144 1877 1163 1917 s
1176 1877 1207 1917 se
1221 1856 1399 1917 dimitteret?

419 1954 544 2015 Remum
555 1958 643 2015 etiarn
655 1958 790 2029 mitteret,
800 1957 849 2015 ubi
862 1964 891 2015 et
903 1938 1127 2015 inimicissimum
1138 1956 1224 2013 sciret
1236 1973 1301 2013 esee
1314 1972 1399 2031 nepu-

382 2062 479 2113 tstem
498 2063 633 2125 suismet
654 2050 688 2113 C.
704 2052 865 2125 (leesmem,
878 2054 925 2113 cui
943 2052 1056 2113 fecisset
1075 2048 1214 2111 insidias?
1234 2052 1399 2128 praesertim

419 2167 510 2225 quum
529 2146 575 2207 l‘is
594 2168 668 2207 unus
687 2159 773 2218 esset.
790 2146 862 2226 ”qui
882 2158 976 2227 posset
995 2150 1031 2209 de
1055 2150 1171 2209 absente
1195 2168 1227 2207 se
1251 2145 1399 2207 indicere?

419 2245 467 2303 22.
488 2244 529 2303 Et
547 2243 653 2303 demes
672 2264 760 2317 meos,
780 2245 880 2321 inquit,
900 2246 977 2321 quod
999 2256 1082 2303 erunt
1101 2245 1214 2315 conscii,
1234 2245 1265 2301 in
1286 2243 1398 2303 mucul·

419 2340 547 2417 conjeu't.
589 2339 689 2415 Quum
707 2342 793 2419 igitur
812 2360 862 2401 eos
882 2342 1010 2413 vinciret,
1023 2359 1094 2417 quos
1114 2359 1212 2401 secum
1226 2342 1358 2413 habebut,
1371 2350 1398 2399 te

419 2438 543 2498 solutum
563 2436 685 2497 Romam
697 2439 838 2511 mittebat,
850 2438 901 2515 qui
920 2438 1020 2497 eedem
1040 2439 1134 2511 scires,
1147 2456 1222 2515 quse
1241 2436 1306 2497 illes
1326 2438 1397 2498 scire

379 2533 513 2595 sodium?

459 2630 548 2690 VIII.
588 2630 714 2707 Reliqua
725 2650 793 2710 purs
808 2632 994 2693 accusationis
1010 2633 1117 2711 duplex
1130 2632 1202 2693 fuit:
1223 2654 1289 2707 uns,
1300 2654 1399 2713 negem

419 2745 533 2803 semper
555 2727 586 2785 in
607 2728 730 2803 speculis
750 2727 847 2799 ilrisse,
869 2746 958 2804 quum
981 2748 1000 2788 s
1022 2740 1050 2788 te
1071 2730 1166 2790 animo
1189 2742 1265 2789 esset
1287 2732 1400 2799 elienor

419 2823 519 2896 ulters,
533 2824 692 2883 exercitum
711 2841 779 2882 eum
798 2830 898 2882 contre
917 2834 947 2883 te
967 2842 1103 2901 magnum
1123 2846 1311 2903 comparasse.
1354 2826 1399 2887 De

419 2918 550 2979 exercitu
572 2920 666 2978 dicum
685 2919 819 2990 breviter,
843 2929 875 2977 ut
893 2916 1008 2979 ¹ueteru.
1057 2920 1214 2998 Nunquam
1234 2942 1285 2981 ees
1304 2922 1399 3001 eupinr

380 3032 475 3081 ποῖοι
488 3020 641 3079 Deiotarus
653 3018 761 3088 hebuit
774 3019 878 3093 quibus
898 3016 1004 3077 inferne
1024 3019 1129 3077 bellum
1150 3020 1254 3097 populo
1270 3018 1399 3079 Romnue

420 3125 531 3191 posset3
549 3114 601 3173 sed
620 3115 723 3189 quibus
742 3114 814 3171 flues
834 3132 900 3173 suos
919 3116 956 3173 ub
976 3116 1190 3177 excursionibus
1202 3126 1234 3175 ct
1246 3116 1398 3175 hundans

421 3220 549 3268 tueretur
568 3222 597 3268 et
615 3209 834 3285 imperatoribus
860 3209 964 3269 nostris
990 3211 1097 3269 auxilie
1116 3212 1250 3271 mitteret.
1302 3212 1398 3289 Atque

419 3302 516 3365 ¹irrites
534 3305 650 3381 quidem
668 3302 790 3380 meieres
811 3305 908 3381 copias
927 3306 1005 3365 slere
1025 3318 1151 3381 poteret3
1181 3326 1256 3365 nuuc
1281 3308 1398 3385 exiguas

420 3402 473 3461 vix
492 3402 565 3459 tueri
585 3408 687 3477 petest.
727 3400 775 3459 23.
795 3397 850 3459 ⁸At
869 3402 995 3461 misitnd
1011 3400 1165 3462 Caecilium
1179 3402 1285 3463 ‘nescio
1298 3422 1397 3481 quem:

381 3498 473 3561 tosed
492 3515 549 3567 eos,
561 3516 633 3573 quus
651 3496 736 3570 misit,
749 3498 825 3573 quud
845 3498 888 3557 ire
908 3498 1068 3571 noluerunt,
1088 3500 1116 3557 in
1137 3501 1252 3559 vincula
1271 3500 1398 3577 conjecit

420 3594 490 3655 Non
509 3612 625 3670 quaero,
637 3611 725 3669 quum
744 3595 806 3653 veri
824 3594 918 3655 simile
938 3595 976 3653 sit
994 3604 1045 3653 sut
1064 3614 1121 3654 non
1141 3597 1272 3655 munisse
1292 3614 1398 3673 regem,

420 3712 492 3771 quos
511 3694 645 3763 mitteret,
657 3699 710 3751 eut
728 3709 786 3765 eus,
798 3710 870 3769 ques
890 3694 1020 3765 misisset,
1040 3712 1097 3751 nun
1116 3696 1251 3771 pur-uisse,
1271 3706 1332 3765 eut,
1352 3694 1398 3769 qui

421 3791 498 3849 dictu
516 3789 665 3847 audientes
683 3788 714 3845 in
733 3796 814 3849 tantu
832 3808 865 3847 re
884 3806 941 3847 non
961 3788 1087 3861 fuissent,
1107 3808 1156 3847 eos
1176 3790 1285 3847 vinctus
1305 3790 1397 3865 petius

421 3904 509 3962 quum
529 3895 652 3959 necatos.
704 3881 763 3945 Sed
786 3892 883 3943 tumen
906 3902 996 3960 quum
1018 3885 1056 3943 sd
1081 3882 1238 3945 Caecilium
1259 3885 1397 3953 mistebm,

383 3992 519 4045 menum
545 4000 660 4041 musam
685 3980 765 4039 illem
792 3980 899 4039 victum
924 3998 987 4039 esse
1007 3980 1159 4051 nesciebat,
1180 3998 1217 4037 en
1242 3978 1398 4039 Ceetrilim

422 4079 509 4137 istim
531 4094 666 4153 magnum
690 4073 834 4133 hominem
857 4072 997 4151 putabet?
1026 4092 1112 4151 quem
1139 4072 1266 4150 profecto
1292 4074 1326 4145 is,
1350 4074 1398 4149 qui

422 4173 529 4249 optime
548 4180 658 4229 metros
678 4170 807 4229 hemines
829 4168 919 4243 novit,
940 4169 988 4229 vel
1010 4170 1078 4247 quie
1098 4188 1155 4231 non
1177 4178 1281 4243 nosset,
1304 4168 1353 4229 rel
1373 4168 1398 4228 si
