3317 4984
355 545 411 604 196
671 559 852 605 omnouns
876 545 1077 605 orosaoms.‘

393 719 516 794 sceleris,
530 720 688 798 principem
701 721 913 797 conjurationis,
925 719 1119 781 ‘evocatorem
1133 741 1289 781 servorum
1301 730 1333 779 et
1345 724 1381 780 ci·

393 819 473 876 vium
486 817 669 894 perditorum,
679 817 760 874 exire
770 817 887 894 patiere,
898 826 930 876 ut
939 819 990 876 abs
1001 825 1030 875 te
1040 838 1098 876 non
1107 819 1230 876 emissus
1240 836 1283 875 ex
1293 815 1382 886 Urbe,

394 915 444 973 sed
463 913 605 972 immissus
625 913 655 970 in
669 911 780 972 Urbem
793 931 856 971 esse
868 911 1022 972 videatur?
1060 913 1167 971 Nonne
1181 913 1263 971 hunc
1276 913 1308 969 in
1322 913 1383 969 vin·

393 1009 458 1069 cula
470 1009 544 1082 duci,
558 1011 614 1066 non
632 1008 671 1066 ad
690 1017 811 1067 mortem
824 1009 896 1086 rapi,
909 1027 967 1067 non
980 1027 1091 1067 summo
1105 1009 1248 1086 supplicio
1262 1009 1382 1067 mactari

368 1099 588 1182 simperabis‘?
619 1103 665 1161 28.
688 1099 900 1176 Quid⁰tandem
910 1102 1087 1180 teimpedit?
1107 1121 1208 1162 mosne
1217 1102 1383 1180 maJomm?

394 1209 425 1258 at
435 1195 584 1277 'persaepe
597 1199 684 1257 etiam
704 1197 809 1275 privati
823 1199 853 1256 in
867 1199 922 1257 hac
934 1216 967 1256 re
981 1199 1097 1275 publica
1111 1201 1291 1276 perniciosos
1305 1201 1381 1258 cives

394 1305 485 1354 morto
505 1294 716 1352 multaverunt:
746 1311 783 1351 an
803 1293 891 1372 leges,
903 1290 989 1370 “quae
1003 1294 1040 1352 de
1054 1295 1161 1352 muium
1180 1295 1382 1354 Romanorum

395 1391 533 1468 supplicio
556 1399 672 1466 rogatae
694 1388 780 1447 sunt?
800 1398 829 1448 at
852 1409 1009 1466 numquam
1030 1391 1061 1448 in
1083 1391 1138 1450 hac
1157 1393 1239 1466 urbe,
1252 1392 1304 1469 qui
1318 1412 1338 1450 a
1351 1411 1382 1450 re

394 1487 509 1564 publica
529 1481 714 1556 'defecerunt
736 1486 843 1544 civium
864 1486 934 1563 jura
955 1497 1117 1546 tenuerunt.
1167 1489 1218 1546 An
1241 1489 1382 1546 invidiam

357 1582 566 1662 topostcritatis
579 1579 682 1639 times?
722 1577 929 1642 ¹⁰Praeclaram
944 1604 1014 1643 vem
1027 1585 1133 1662 populo
1144 1584 1277 1644 Romano
1290 1583 1383 1643 resera

395 1679 525 1756 gratiam,
538 1677 587 1754 qui
601 1687 638 1748 te,
651 1677 795 1736 hominem
813 1673 887 1755 11per
900 1688 928 1738 tc
942 1681 1096 1757 cognitum,
1109 1681 1189 1738 nulla
1201 1681 1384 1739 commenda·

394 1775 485 1832 tiono¹
497 1772 636 1849 majorum
650 1769 729 1830 ”mm
742 1784 854 1833 mature
868 1775 906 1833 ad
925 1793 1069 1834 summum
1082 1777 1235 1853 imperium
1255 1795 1310 1853 per
1322 1795 1384 1834 om·

393 1885 445 1926 nes
465 1867 603 1926 honorum
622 1866 727 1944 gradus
741 1868 852 1940 extulit,
865 1869 889 1927 si
903 1878 1019 1946 propter
1031 1871 1170 1928 invidiam
1184 1879 1234 1928 aut
1246 1865 1383 1944 alinrjua¹

394 1963 514 2040 periculi
527 1972 635 2021 metum
650 1963 770 2022 salutem
786 1963 894 2023 civium
907 1973 1022 2042 tuorum
1034 1965 1165 2042 negligis.
1206 1965 1254 2023 29.
1276 1963 1335 2025 Sed
1356 1967 1383 2023 si

359 2073 388 2119 15
395 2055 475 2136 quish
487 2069 532 2118 est
545 2059 668 2118 invidiae
683 2069 784 2132 metus,
798 2079 868 2120 num
880 2070 925 2120 est
939 2061 1136 2120 vehementius
1151 2057 1333 2120 ”severitatis
1346 2080 1383 2120 ae

394 2153 567 2238 fortitudinis
577 2155 685 2214 invidia
695 2173 782 2232 quam
793 2156 912 2215 inertiae
925 2175 960 2215 ac
972 2157 1117 2232 nequitiae
1130 2155 1384 2234 pertimescenda?

395 2253 444 2311 An
465 2271 554 2328 quum
574 2252 648 2310 bello
662 2253 820 2311 vastabitur
838 2253 933 2324 Italia,
946 2255 1126 2312 vexabuntur
1138 2255 1234 2325 urbes,
1247 2263 1323 2312 tecta
1335 2274 1384 2312 ar·

395 2348 510 2420 debunt,
531 2355 592 2406 tum
616 2357 645 2406 te
670 2365 728 2404 non
752 2348 900 2408 existimas
921 2349 1049 2408 invidiae
1071 2349 1204 2409 incendio
1224 2349 1384 2426 conflagra-

395 2441 512 2501 turum?
522 2441 539 2470 ”

356 2551 389 2600 ²⁰
437 2535 512 2596 XII.
552 2537 621 2599 ¹His
635 2559 689 2619 ego
703 2541 889 2601 sanctissimis
901 2543 945 2601 rei
959 2543 1092 2620 publicae
1105 2543 1224 2602 vocatus
1237 2551 1268 2602 et
1279 2561 1385 2602 eornm

396 2634 550 2707 hominum,
574 2637 623 2711 qui
652 2635 729 2694 idem
754 2637 888 2709 sentiunt,
909 2639 1051 2695 mentitus
1077 2657 1171 2715 pauca
1195 2639 1385 2715 respondebo

396 2735 470 2813 Ego,
492 2735 515 2794 si
537 2731 602 2793 ’boc
622 2734 761 2811 optimum
782 2731 874 2792 factu·
893 2729 1069 2810 ‘judicarem
1083 2733 1187 2792 Patres
1213 2733 1384 2812 conscripti,

397 2830 550 2892 Catilinam
563 2841 653 2890 morta
668 2829 792 2901 multari,
801 2830 886 2887 unius
894 2848 1010 2887 usuram
1020 2830 1108 2888 horae
1115 2828 1277 2906 ‘gladiatori
1287 2831 1334 2888 isti
1343 2831 1386 2888 ad

396 2927 552 2986 vivendum
566 2947 621 2985 non
636 2926 786 2985 dedissem.
830 2922 948 2983 Etenim
962 2925 986 2983 si
999 2925 1102 2982 summi
1117 2934 1146 2984 et
1159 2926 1307 2984 clarissimi
1317 2927 1385 2998 viri,

357 3037 389 3086 at
398 3023 545 3085 Saturnini
560 3035 589 3085 et
613 3023 811 3086 Gracchorum
835 3032 865 3080 et
886 3021 984 3080 Flacci
1006 3031 1036 3080 et
1053 3019 1242 3098 ‘superiorum
1257 3023 1385 3100 complu·

396 3121 471 3178 rium
493 3123 631 3199 sanguino
652 3141 709 3180 non
728 3121 813 3180 modo
835 3137 866 3177 se
887 3137 945 3176 non
967 3118 1203 3188 contaminarunt,
1225 3119 1275 3177 sed
1295 3121 1385 3177 etiam

395 3217 613 3296 ‘honestarunt'
637 3233 713 3284 certe
736 3221 895 3282 verendum
917 3217 1001 3275 mihie
1019 3235 1076 3274 non
1090 3224 1161 3286 erat,
1174 3211 1225 3273 ne*
1238 3215 1315 3290 quid,
1328 3216 1385 3274 hoc
1425 3218 1430 3227 '

397 3321 538 3397 parricida
559 3321 664 3380 civium
688 3317 845 3389 interfecto,
866 3314 1005 3374 invidiae·
1037 3311 1108 3368 mihi
1126 3305 1167 3367 'in
1188 3311 1384 3386 posteritatem

396 3415 577 3476 redundaret.
619 3411 715 3490 Quosl‘
732 3415 757 3474 si
778 3433 815 3474 ea
836 3411 920 3470 mihil
944 3408 1071 3467 maxime
1085 3407 1272 3483 impenderet,
1286 3415 1384 3465 tamen

393 3707 530 3764 E-xn
563 3700 1205 3764 ‘Whatissaidoltltsoonstrnotionofiaperot
1237 3701 1383 3750 Vnt.-

361 3785 613 3842 *tas-*mttst
806 3833 809 3840 .

394 3869 456 3921 m
486 3860 1089 3916 ·stot1.-tlttsubeatsmaunmo.
1123 3859 1382 3922 Vnt-'mm

362 3945 710 4010 -tsaa,su1).-·aos;
727 3947 782 4007 sos,
794 3943 845 3996 nn
857 3944 919 4006 aa)
932 3943 954 3993 a
967 3942 1286 4007 (a).-¹s⁵a,s.-·oas.

394 4025 612 4086 nasein.
643 4023 781 4076 ‘vitm
815 4021 1271 4086 ara‚n.a.-¹au,1ts.-¹1ss.

395 4108 456 4161 m
488 4099 1383 4168 mro,m-·v.RH.-·au,m-⁴asa‚usamenta.

362 4187 667 4256 ''maini'’‘m'
755 4239 768 4250 ..
