3317 4984
617 1036 666 1112 id
702 1036 868 1115 TULLII
907 1035 1164 1116 CICERONIS

411 1262 564 1343 PRO
617 1268 672 1343 Τ.
727 1268 987 1347 ANNIO
1042 1266 1367 1349 MILONE

610 1488 1168 1563 onsn1osnuun1ons.
1270 1506 1274 1517 ’

442 1872 484 1943 ,L
526 1876 552 1932 1.
572 1873 649 1934 Eusl
673 1892 783 1947 vereor,
799 1873 920 1951 judiees,
943 1894 980 1934 ne
1001 1883 1084 1953 turpe
1107 1875 1144 1934 sit
1168 1892 1222 1952 pro
1247 1870 1399 1933 fortissimo

419 1969 482 2028 viro
501 1969 596 2029 disere
616 1970 799 2047 incipientem
819 1971 928 2040 timere,
942 1970 1115 2047 minimeque
1134 1970 1244 2041 deeent,
1261 1988 1351 2046 quum
1364 1969 1398 2028 T.

419 2066 534 2126 Annius
554 2068 616 2145 ipse
635 2068 726 2146 magis
744 2068 781 2127 de
800 2069 845 2127 rei
865 2068 995 2145 publioee
1015 2068 1105 2127 salute
1118 2086 1205 2144 quem
1219 2068 1257 2126 de
1271 2086 1324 2126 stre
1337 2086 1398 2145 per·

419 2165 556 2237 turbetur,
579 2182 626 2223 me
649 2165 687 2223 ud
709 2164 773 2241 ejus
795 2182 913 2224 oensem
936 2183 1036 2241 penem
1059 2164 1147 2223 enimi
1172 2164 1398 2241 magnitudinem

397 2258 524 2319 defferre
544 2280 601 2319 non
622 2278 713 2338 posse,
726 2270 822 2319 tumen
842 2261 914 2319 hoec
927 2260 995 2319 novi
1004 2259 1104 2337 judieii
1118 2278 1193 2317 nova
1206 2258 1300 2318 forms
1313 2268 1399 2318 tenet

419 2356 524 2428 oeulos,
534 2357 592 2434 qni,
603 2374 782 2432 quocumque
795 2357 963 2429 inciderunt,
973 2356 1205 2416 consuetudinem
1219 2355 1274 2413 fori
1287 2364 1318 2415 et
1330 2357 1399 2433 pris·

419 2450 510 2508 tinum
522 2468 630 2509 morem
638 2449 812 2526 judiciorum
825 2450 981 2527 requirunt
1021 2448 1090 2508 Non
1103 2449 1179 2507 enim
1192 2446 1311 2508 ¹oorons
1324 2446 1400 2509 ¹‹ton-

419 2564 514 2604 sessus
526 2555 623 2605 vester
634 2547 743 2605 cineum
756 2554 850 2617 estut
863 2546 988 2604 solebat:
1009 2545 1037 2602 2.
1050 2563 1107 2603 non
1121 2544 1225 2603 usitate
1237 2543 1400 2621 fi'equemm

419 2641 517 2718 stipati
536 2660 650 2700 sumus:
668 2638 737 2700 ⁸non
757 2642 808 2699 ilis
826 2640 976 2718 praesidis,
989 2658 1064 2717 quoe
1077 2658 1129 2717 pro
1141 2640 1255 2716 templis
1268 2640 1400 2699 omnium

381 2748 413 2798 1⁰
420 2738 543 2811 semitis,
562 2739 616 2797 etei
635 2747 734 2797 oontru
753 2738 813 2795 vim
832 2736 969 2798 oollooete
988 2746 1062 2808 sunt,
1082 2754 1140 2794 non
1158 2736 1283 2795 effemnt
1302 2746 1399 2795 tumen

419 2833 524 2892 oratori
537 2832 652 2909 aliquid,
666 2833 738 2891 utin
753 2830 815 2889 foro
834 2842 863 2889 et
882 2832 919 2889 in·
927 2830 1046 2907 judicio,
1059 2850 1231 2907 quemquam
1245 2832 1396 2907 praesidiis

419 2930 590 2990 sulumntns
602 2940 635 2989 et
650 2930 816 2989 neoessuriis
834 2929 923 3006 saepti
944 2930 1050 3000 sumus,
1065 2939 1159 2987 temen
1176 2948 1213 2987 ns
1226 2948 1283 2987 non
1297 2930 1397 2989 timere

419 3025 535 3101 quidem
548 3026 609 3084 sine
622 3024 718 3102 aliquo
731 3024 832 3082 timore
842 3023 989 3099 possimus.
1025 3022 1107 3098 Quae
1119 3024 1143 3081 si
1156 3024 1397 3101 opposituMiloni

419 3130 558 3196 putarem,
578 3120 710 3179 oederem
729 3116 870 3196 ¹tempori,
886 3117 1007 3195 judiees,
1031 3136 1085 3178 neo
1107 3119 1182 3178 inter
1204 3128 1316 3179 tentem
1340 3122 1397 3179 vim

381 3229 412 3277 tt
420 3234 563 3275 armorum
576 3217 771 3276 existimarem
791 3233 854 3275 esse
874 3214 994 3274 orationi
1014 3214 1116 3274 locum.
1157 3214 1273 3276 Sedme
1286 3224 1398 3277 remeet

419 3321 450 3371 et
468 3313 559 3371 refloit
580 3311 633 3372 Cn.
655 3312 794 3390 Pompeii,
814 3310 1015 3389 sapientissimi
1035 3320 1066 3369 et
1080 3310 1228 3387 justissimi
1248 3313 1314 3384 viri,
1334 3332 1397 3372 oon·

420 3409 523 3481 silium,
543 3410 594 3486 qui
617 3408 743 3486 prefecto
767 3426 821 3468 neo
840 3408 968 3485 justitiae
992 3426 1061 3466 suae
1082 3418 1195 3485 putaret
1215 3428 1288 3483 esse,
1311 3428 1397 3487 quem

419 3524 501 3566 reum
523 3507 672 3566 sententiis
696 3504 826 3581 judicum
851 3504 1018 3576 tradidisset,
1043 3504 1166 3563 eundem
1189 3506 1252 3565 telis
1277 3508 1398 3567 miiitum

419 3602 532 3674 dedere,
552 3620 606 3661 nee
628 3602 793 3678 sapientise,
815 3601 1006 3661 temeritatem
1029 3600 1187 3661 oonoitntee
1209 3603 1397 3662 multitudinis

381 3698 587 3757 monetarium
607 3689 721 3773 p'ubliou
740 3714 861 3755 nrmnre
900 3696 929 3755 3.
951 3694 1147 3771 Quamobrem
1167 3696 1216 3755 ills
1231 3716 1322 3769 erma,
1335 3716 1397 3757 een·

421 3794 554 3865 tnn'onee,
573 3793 702 3852 oohortee
720 3812 777 3852 non
796 3793 955 3869 perieulum
974 3793 1127 3867 nobis-sed
1147 3794 1322 3871 praesidium
1341 3792 1397 3854 'de-

421 3890 561 3961 nuntiunt,
573 3907 666 3966 neque
680 3888 778 3960 solnm,
792 3896 825 3946 nt
838 3889 943 3965 quieto,
957 3888 1007 3948 sed
1026 3890 1121 3961 etiem,
1134 3899 1167 3947 ut
1185 3908 1289 3967 magno
1303 3892 1396 3949 animo

421 3987 519 4059 nnus
544 3986 701 4057 hortantur,
727 4002 820 4061 neque
847 3984 987 4043 auxilium
1014 3984 1097 4043 modo
1123 3982 1280 4045 defensioni
1309 4004 1396 4053 mese,

422 4098 523 4139 verum
536 4081 623 4148 etimn
637 4080 779 4139 silentium
792 4078 971 4156 pollioentur.
1013 4078 1136 4155 Reliqua
1156 4098 1226 4139 vero
1238 4081 1395 4149 multitudo,

382 4186 498 4249 ttquse
511 4175 627 4251 quidem
640 4183 686 4234 est
697 4175 811 4247 civium,
823 4181 886 4233 tote
897 4180 996 4233 nostre
1015 4184 1066 4247 est,
1079 4170 1184 4251 ‘neque
1203 4194 1302 4234 eornm
1324 4176 1396 4253 quis·
