3317 4984
378 491 436 552 822
829 505 946 551 onuuto

416 667 1064 746 ipsosoluseeaminviosffliegubemnen
1084 669 1398 743 totnuteomitiesuis,

417 772 451 823 ut
470 764 624 835 dictitabat,
644 762 771 821 humeris
790 762 952 823 sustineret
1005 760 1189 822 Convoosbet
1209 764 1317 833 tribus3
1346 760 1398 823 ¹²ae

416 860 631 936 interponebet3
650 856 815 918 ”collinam
834 876 938 917 novam
958 858 1065 917 dilectu
1084 857 1340 935 petuiussimorum
1359 858 1398 919 ei·

417 955 496 1013 vium
516 954 718 1013 conscribebat.
769 951 884 1027 Quanto
904 953 953 1011 ille
975 953 1059 1029 pluro
1079 953 1224 1023 miscebat,
1249 962 1330 1013 tento
1351 954 1398 1014 hio

396 1048 511 1126 oningin
531 1050 561 1107 in
581 1049 642 1107 dies
662 1048 885 1108 convalescebat„
925 1048 984 1108 Ubi
998 1050 1070 1107 vidit
1083 1050 1168 1107 homo
1181 1050 1218 1109 od
1232 1068 1318 1109 omne
1331 1049 1398 1111 loei-

416 1164 470 1204 nus
493 1145 695 1221 pomtiesimus,
718 1143 904 1203 fortissimum
928 1144 1031 1216 virum,
1055 1144 1284 1204 inimicissimum
1305 1164 1398 1219 sunm,

415 1242 605 1301 certissimum
618 1241 771 1311 oonsuleun,
782 1240 868 1315 idque
881 1240 1024 1299 intellexit
1036 1258 1094 1299 non
1107 1241 1199 1299 solum
1209 1242 1397 1314 semonibus,

416 1337 467 1395 sed
486 1337 573 1397 etiam
586 1331 748 1413 ”suffugio
762 1333 860 1412 populi
882 1334 1005 1395 Romani
1025 1354 1109 1413 stepo
1129 1354 1192 1395 esse
1211 1337 1396 1409 declat-ntum,

415 1432 512 1509 pulum
531 1451 616 1509 ogere
635 1430 728 1507 eoepit
745 1438 775 1489 et
792 1440 891 1507 operte
913 1431 1016 1503 dione,
1037 1432 1222 1493 oecidendum
1245 1432 1396 1493 Milonem.

379 1539 409 1588 10
418 1528 464 1586 26.
486 1527 591 1589 Servos
610 1535 737 1603 agrestes
751 1536 781 1585 et
793 1528 937 1599 barbaros,
952 1527 1055 1603 quibus
1068 1526 1155 1585 silves
1168 1528 1297 1603 publicus
1310 1528 1396 1606 depo·

415 1625 530 1702 pulstus
549 1634 612 1683 erut
630 1622 835 1698 Etrunnmque
856 1634 983 1693 vexarat,
997 1641 1036 1683 ex
1053 1622 1210 1701 Apennino
1229 1624 1396 1699 dedinent,

416 1740 487 1797 quoe
507 1720 654 1779 videbatis
697 1719 757 1777 Res
769 1730 833 1777 eret
845 1718 963 1779 minime
977 1720 1105 1779 obseura.
1147 1718 1264 1779 Etenim
1285 1722 1396 1783 diceto·

416 1818 467 1876 bat
485 1817 588 1894 pMnnt,
608 1815 786 1875 consulatum
805 1815 878 1891 eripi
892 1814 996 1875 Miloni
1015 1833 1073 1873 non
1093 1832 1185 1891 posse,
1199 1816 1291 1875 vitem
1304 1836 1394 1894 pomo.

417 1910 686 1987 “Signiflesvithoo
693 1928 779 1986 seepe
800 1910 830 1967 in
854 1918 974 1979 senetu3
988 1908 1085 1985 “dixit
1097 1910 1126 1968 in
1147 1912 1299 1969 eontione:
1326 1915 1395 1989 quin

326 2032 330 2038 ⁴
379 2022 409 2070 1⁶
416 2009 504 2068 etium
522 2008 567 2067 M
581 2008 719 2080 Favonio,
732 2006 885 2067 fortissimo
905 2009 977 2081 uiuo,
991 2010 1140 2086 quaerenti
1159 2027 1198 2069 ex
1217 2029 1261 2081 eo,
1275 2030 1333 2087 que
1345 2029 1395 2090 spe

415 2104 532 2177 foueret,
550 2104 660 2163 Milone
680 2106 755 2176 vivo,
775 2104 931 2181 respondit,
955 2105 1050 2165 nidno
1071 2106 1151 2164 illum
1179 2116 1231 2165 out
1253 2126 1396 2169 summum

416 2201 567 2277 quottidoo
580 2219 642 2260 esse
655 2200 833 2277 perittuum3
854 2218 941 2276 quem
954 2220 1053 2261 vooetn
1066 2200 1129 2279 ejus
1142 2202 1180 2263 od
1192 2202 1270 2263 hune
1282 2203 1327 2263 M
1343 2202 1396 2265 co

416 2307 513 2356 tonem
526 2297 622 2355 stetim
637 2296 782 2355 Favonius
795 2296 907 2355 detulit
1075 2370 1082 2385 ι

455 2393 496 2452 X.
537 2394 584 2455 ut.
604 2394 732 2467 Interim,
751 2414 840 2472 quum
861 2395 946 2457 eoiret
968 2394 1084 2457 Clodius
1107 2395 1311 2476 (nequeenim
1333 2410 1397 2459 eret

376 2490 529 2552 todiffioile
549 2490 647 2570 seire),
666 2493 723 2553 iter
745 2494 892 2565 sollemne,
913 2494 1079 2571 legitimum,
1103 2497 1306 2567 neeessariam,
1328 2510 1396 2555 unte

415 2588 492 2647 diem
505 2586 596 2647 XIIL
611 2588 758 2649 Kalendas
773 2589 845 2649 Feb.
859 2589 964 2649 Miloni
983 2608 1046 2651 esee
1058 2586 1235 2650 ¹Lenuvium
1254 2592 1293 2651 ed
1305 2592 1396 2651 flami·

415 2702 481 2743 nem
502 2685 686 2760 prodendum,
699 2681 793 2764 [quod
812 2694 876 2743 erat
895 2682 1027 2749 'dicutur
1047 2686 1171 2747 Lanuvii
1185 2686 1286 2767 Milo,]
1302 2688 1397 2749 Rome

415 2781 509 2839 subito
521 2782 583 2857 ipse
594 2779 736 2859 profectus
748 2781 841 2858 pridie
855 2791 906 2854 est,
921 2792 952 2841 ut
971 2792 1038 2843 onte
1058 2803 1142 2843 suum
1161 2783 1282 2843 fiundum
1304 2784 1396 2864 (quod

414 2869 458 2935 're
481 2877 655 2935 intellectum
678 2874 736 2953 eet)
760 2876 864 2937 Miloni
886 2878 1002 2939 insidias
1026 2880 1183 2939 oolloeeret.
1232 2880 1333 2958 Atque
1357 2883 1396 2941 int

376 2970 559 3049 “profectus
579 2982 631 3043 est,
651 2981 684 3031 nt
702 2974 862 3032 oontionem
883 2973 1083 3047 tutnbulentom,
1104 2977 1134 3033 in
1153 2995 1212 3055 que
1232 2976 1296 3053 ejus
1316 2974 1396 3037 furor

415 3067 590 3126 desideratus
616 3078 668 3139 est,
694 3086 770 3144 quoe
795 3068 845 3127 illo
872 3068 933 3145 ipso
956 3067 1002 3129 die
1030 3070 1126 3129 habite
1139 3082 1190 3141 est,
1213 3073 1394 3147 relinqueset,

415 3180 511 3238 quom,
531 3164 584 3221 nisi
603 3160 693 3221 ¹obire
712 3162 845 3221 facinoris
866 3162 960 3223 looum
981 3174 1149 3242 tempusque
1164 3168 1311 3238 voluisset,
1324 3186 1395 3225 nun·

415 3277 502 3335 quum
522 3259 690 3335 reliquisset.
730 3258 778 3318 28.
798 3258 874 3317 Milo
893 3272 991 3319 eutem
1015 3281 1104 3337 quum
1122 3262 1153 3320 in
1173 3274 1273 3321 senatu
1294 3262 1395 3323 suiset

415 3373 452 3415 eo
464 3354 520 3426 die,
534 3354 627 3431 quoad
640 3362 755 3413 senatus
775 3365 819 3413 est
838 3355 979 3442 dimissus,
993 3358 1108 3416 domum
1129 3360 1216 3430 venit,
1236 3360 1347 3419 eoloeos
1366 3369 1395 3417 et

375 3464 409 3513 ω
417 3452 586 3511 vestimentu
597 3451 725 3521 mutavit,
738 3450 891 3528 paulisper,
904 3452 973 3511 dunt
986 3470 1018 3513 se
1032 3472 1114 3523 uxor,
1126 3452 1169 3511 ⁸ut
1182 3456 1223 3525 fit,
1237 3462 1393 3531 eompnrut

415 3558 604 3607 eommoretus
617 3556 669 3619 est,
681 3547 785 3606 deinde
799 3546 942 3623 profectus
955 3548 985 3605 id
999 3550 1141 3625 temporis,
1154 3568 1243 3627 quum
1252 3550 1315 3626 jem
1331 3548 1395 3611 Clo·

415 3641 487 3714 dius,
500 3642 524 3699 si
537 3640 653 3718 quidem
666 3660 702 3700 eo
711 3642 758 3701 die
770 3641 892 3701 Romam
906 3652 1044 3703 ventuius
1059 3654 1128 3715 eust,
1142 3645 1236 3704 setim
1249 3648 1393 3723 potuieoet.

416 3735 539 3797 Obviam
559 3738 592 3795 fit
610 3737 638 3795 ei
653 3735 779 3808 Clodius,
793 3738 954 3815 expeditus,
967 3738 998 3795 in
1011 3756 1094 3815 equo,
1107 3740 1186 3798 nullo
1198 3742 1297 3811 rhedo,
1309 3742 1395 3801 nullis

415 3832 633 3910 impedimentis,
646 3832 733 3891 nullis
744 3830 865 3894 Grueeis
878 3834 1037 3901 comitibus,
1049 3844 1083 3893 ut
1096 3836 1210 3907 solebat,
1220 3837 1283 3895 sine
1295 3856 1395 3909 uxore,

376 3930 493 4007 eoquod
512 3946 660 4005 nunquam
679 3927 758 3998 seue3
778 3948 867 4005 quum
887 3928 935 3988 hio
954 3929 1110 4001 insidiator,
1121 3926 1182 4006 ⁶qni
1195 3932 1250 3989 iter
1268 3930 1342 3991 illud
1358 3932 1394 3991 nd

416 4025 533 4085 eaedem
546 4024 705 4084 fidendum
717 4033 892 4101 apperuisset,-
906 4042 971 4083 oum
985 4043 1075 4083 uxore
1089 4027 1243 4085 veherenur
1255 4027 1285 4084 in
1298 4026 1394 4097 rhein

416 4121 593 4197 paenulatos,
604 4116 721 4197 'magno
733 4130 763 4179 et
775 4120 912 4197 impedito
931 4129 962 4180 et
981 4121 1114 4181 muliebui
1126 4138 1161 4181 ee
1172 4122 1295 4183 delicato
1309 4124 1394 4185 aneil-
