3317 4984
648 523 746 567 amaa
768 523 925 577 annuus.
1170 572 1175 586 ,
1238 509 1293 569 129

270 684 404 755 babebat,
424 698 520 760 neque
539 680 602 744 'bas
622 684 796 745 tantularum
809 702 909 743 mrum
921 691 1120 760 ooeupatuones
1140 682 1256 742 Britan-

270 782 336 839 niae
335 780 576 857 anteponendas
585 777 742 855 Judreabat,
749 776 943 857 magnaura&
951 783 1117 839 numbrnm¹
1125 780 1256 839 obedum

270 878 402 955 impet-nt.
446 874 559 951 Quibus
579 876 717 948 adductis,
737 895 786 935 eos
806 878 837 935 in
856 876 944 935 iidem
965 877 1083 954 reoepit.
1122 876 1256 935 Navibus

271 974 386 1033 eiretter
406 989 502 1031 ιω
521 973 660 1033 ouemiis
672 968 787 1031 ⁸eoaetis
801 973 1017 1048 mntraotisque,
1030 982 1100 1048 quot
1111 973 1180 1032 satis
1193 991 1256 1031 esse

272 1069 396 1127 adduas
409 1068 645 1145 transportandas
660 1069 787 1146 legiones
807 1069 997 1140 existimabat,
1010 1070 1088 1144 quod
1107 1077 1266 1145 praeterea
1280 1082 1295 1127 t

271 1161 407 1223 navium*
419 1166 571 1243 longarum
590 1166 722 1236 babebat,
742 1166 895 1240 quaestori,
915 1165 1018 1242 legetis
1037 1163 1257 1242 ‘praefectisque

271 1260 424 1319 distribuit.
466 1258 537 1318 Hue
555 1260 729 1319 aeofflebant
748 1276 835 1317 xvm
854 1261 1004 1319 onerariae
1018 1275 1116 1333 naves,
1129 1280 1204 1337 quae
1218 1279 1257 1319 ex

272 1374 308 1415 eo
320 1356 383 1415 Inoo
395 1354 444 1415 'ab
457 1357 572 1415 milibus
585 1376 721 1433 passuum
734 1366 798 1415 octo
808 1366 896 1417 vento
903 1359 1082 1429 tenebantur,
1092 1377 1151 1432 quo
1162 1358 1257 1415 minus

271 1454 302 1509 iu
327 1454 452 1511 eundem
476 1462 589 1529 porum
602 1452 701 1511 venire
714 1449 855 1529 possead:
879 1453 938 1515 ,has
951 1454 1094 1528 equitibus
1106 1453 1256 1511 distribuit

273 1547 431 1624 Reliquum
446 1554 605 1609 exereitum
619 1548 728 1624 Quinto
741 1549 857 1609 Titurio
871 1547 978 1609 sabrm
992 1562 1021 1607 et
1035 1549 1127 1609 Lucio
1139 1549 1297 1608 Annua-1⁰

271 1643 366 1701 euleio
382 1642 492 1717 Cottae,
506 1644 616 1721 legatis,
630 1645 660 1701 in
680 1644 833 1721 Menapios
846 1653 935 1719 atque
947 1645 978 1702 in
991 1663 1040 1703 eos
1060 1663 1149 1721 pagos
1168 1643 1258 1702 Mori·

271 1758 386 1811 norum,
406 1741 443 1797 ab
464 1740 569 1815 quibus
589 1740 627 1797 ad
641 1758 707 1798 eum
721 1740 809 1815 legati
821 1758 880 1799 non
893 1748 1040 1810 venerant,
1051 1735 1257 1798 deducendumi

271 1835 372 1893 dedit:
393 1834 530 1893 Publium
541 1834 701 1912 Sulpiciam
712 1834 829 1905 Rufum,
839 1835 975 1911 legatum,
983 1853 1049 1893 oum
1060 1853 1095 1893 eo
1127 1834 1259 1906 raesidio,

272 1932 354 2007 quod
367 1932 435 1990 satis
449 1950 512 1991 esse
525 1932 726 2003 arbitrabatur,
740 1940 855 2007 portum
867 1940 967 1989 tenere
975 1930 1069 2005 jussit
1098 1853 1150 2040 ὃ

315 2027 440 2085 ΧΧΠΙ.
481 2027 539 2087 His
558 2028 716 2087 eonstitutis
735 2029 830 2099 rebus,
843 2033 956 2087 neotus·
967 2027 1100 2085 idoneam
1121 2028 1159 2085 ad
1178 2028 1258 2085 navi-
1267 2040 1297 2087 lt

272 2124 403 2201 gaudum
416 2132 623 2201 tempestatem,
635 2125 722 2183 tertia
734 2122 796 2181 fere
809 2120 920 2199 ¹vigilia
930 2120 1035 2194 'solvit
1047 2123 1216 2198 equitesque
1228 2124 1259 2181 in

273 2223 442 2281 ulterIorem
459 2231 575 2299 portum
595 2222 730 2300 progredi
743 2231 773 2289 et
785 2239 875 2281 naves
888 2221 1078 2281 oousoendere
1090 2230 1120 2279 et
1131 2240 1164 2279 se
1177 2222 1260 2297 sequi

270 2317 368 2395 jussit.
408 2319 555 2395 aquibus
569 2338 657 2394 quum
678 2315 788 2396 paullob
800 2319 919 2377 tardius⁰
933 2328 1009 2377 esset
1020 2318 1259 2389 administratum,

273 2414 338 2491 ipse
352 2415 424 2473 bora
437 2417 550 2474 eireiter
562 2415 620 2473 diei
633 2425 737 2491 quarta
749 2432 816 2473 eum
829 2415 930 2491 primis
941 2414 1065 2473 navibus
1078 2413 1260 2473 Britanniam

273 2512 378 2587 attigit,
392 2520 480 2587 atque
494 2512 534 2570 ibi
547 2512 577 2571 in
589 2512 721 2570 omuibus
731 2511 851 2571 eollibua
860 2505 1016 2588 'expositas
1028 2512 1153 2569 hostium
1162 2512 1259 2587 oopiaa
1266 2522 1299 2573 tt

275 2618 401 2667 armatas
412 2607 570 2683 eonspexit.
612 2605 702 2683 Cnjus
715 2606 769 2666 loei
782 2598 855 2667 haee
868 2616 1061 2666 eratuattira:
1080 2604 1164 2665 ‘adeo
1181 2625 1261 2665 mon-

275 2692 365 2755 tibus⁶
378 2698 506 2773 augustis
520 2714 600 2755 mare
613 2698 818 2770 eontinebatur,
833 2698 875 2755 nti
889 2715 928 2755 ex
940 2697 1011 2755 loeis
1024 2696 1216 2773 superioribus
1229 2697 1260 2755 iu
1287 2753 1294 2763 ,

274 2792 343 2851 litus
357 2792 447 2850 telum
461 2792 538 2868 adigi
560 2800 663 2869 posset.
707 2792 795 2851 Hune
809 2793 847 2850 ad
861 2791 1065 2868 egrediendum
1078 2799 1266 2866 nequaquam

276 2880 411 2947 idoneum
421 2888 516 2947 Ionum
525 2889 688 2961 arbitratus,
696 2889 765 2947 dum
774 2889 903 2963 reliquae
912 2906 1001 2947 nares
1012 2906 1047 2946 eo
1057 2888 1261 2960 eonvenirent·

275 2984 314 3042 ad
331 2985 431 3042 boram
452 3002 556 3043 nonam
568 2985 598 3043 in
612 2986 723 3043 enebris
737 2984 923 3060 exspectavit.
963 2983 1084 3043 Interim
1096 2984 1199 3061 legatia
1211 2985 1300 3045 tri-bb

276 3080 418 3155 bunisque
438 3079 561 3137 militum
580 3082 749 3157 convocatis,
763 3089 880 3157 atquae
893 3098 933 3138 ex
947 3078 1092 3139 Voluseno
1105 3090 1262 3156 cognosset,

277 3184 307 3233 et
319 3194 394 3250 quae
408 3175 470 3233 fieri
485 3176 580 3248 vellet,
593 3177 723 3247 ostendit,
735 3174 922 3249 ‘monuitque
935 3185 968 3233 ut
980 3175 1023 3233 rei
1036 3176 1168 3235 militaris
1180 3176 1262 3247 ratio,

277 3272 404 3329 maxime
414 3280 447 3329 ut
456 3272 616 3330 maritimae
626 3290 673 3331 res
683 3272 870 3349 postularant,
880 3280 913 3330 ut
924 3269 1032 3349 [quae]
1043 3272 1167 3331 ualerem
1176 3280 1262 3347 atque

308 3486 488 3543 H.-xm
518 3485 1015 3546 ·ese.-¹ss⁴en.-·at1.-⁸eee,
1027 3488 1051 3545 a,
1062 3483 1296 3548 spuet-¹⁴00

277 3566 430 3699 ..11ἒέΙῖ
450 3644 535 3697 'Dist
544 3646 592 3698 bet
604 3646 701 3709 invasio,
713 3646 808 3713 reperio,
818 3642 966 3712 depndotda
975 3643 1102 3705 mdxor,
1112 3643 1236 3709 adipimr,
1247 3661 1298 3696 eus·

277 3744 363 3794 sequor,
379 3726 432 3779 and
445 3743 561 3793 assequor.
593 3726 711 3789 V.I18,
723 3741 748 3777 n.
762 3728 1036 3786 reputa-uu,
1054 3724 1298 3775 [ΛΜΗ.-

295 3808 566 3945 appear-affin·
599 3884 1297 3951 ·aas.-¹aaa,n.a.-·uaa,a.a,(1),(t).-·uua,

279 3970 309 4021 a
321 3971 578 4029 adasa-127⁴,
588 3968 620 4019 a.
633 3970 658 4027 7.
671 3967 718 4032 (ι).

310 4050 413 4102 xxm.
447 4049 501 4101 ·V.
517 4050 549 4101 R.
565 4048 719 4110 ΕΔΜ,
735 4048 767 4101 R.
785 4051 943 4110 te.-·att‚
959 4046 990 4099 a
1006 4052 1030 4111 a,
1044 4044 1299 4113 (at-tman-

279 4132 445 4197 ·ass,s,(1).
