3317 4984
387 527 445 591 798
841 542 960 591 onssso

425 707 477 766 tibi
496 705 718 783 probatissimos,
730 713 878 781 totumque
898 724 1001 782 ugrum
1021 704 1168 775 Sabinum,
1182 706 1284 765 florem
1303 706 1412 779 Italiae,

424 804 511 861 subur
542 802 586 860 rei
617 801 751 878 publieae
777 818 947 877 proponere.
1000 802 1084 859 Nosti
1117 802 1238 879 optimos
1274 803 1412 861 mines.

425 899 631 957 Animadverte
650 898 753 955 horum
772 897 901 955 omnium
920 898 1092 955 maestitiam
1111 908 1141 955 et
1159 896 1305 956 dolorem:
1330 898 1412 973 hujus

425 994 460 1053 T.
475 994 606 1065 Brocchi,
620 995 657 1052 de
669 1012 727 1069 quo
739 1012 798 1052 non
816 994 916 1051 dubito
929 994 999 1069 quid
1013 994 1169 1063 existimes,
1183 995 1317 1053 laos-imus
1331 1014 1413 1072 equs·

403 1091 574 1167 oloremquo
586 1091 677 1167 ipsius
689 1100 719 1148 et
731 1088 785 1149 filii
803 1091 895 1147 vides.
936 1090 984 1147 33.
1007 1089 1084 1165 Quid
1097 1091 1133 1149 de
1146 1090 1283 1149 liunibus
1296 1090 1412 1151 dinam?

424 1188 501 1258 Noli,
516 1186 630 1257 Caesar,
643 1196 753 1262 putare,
766 1186 804 1244 de
816 1186 901 1243 nnius
921 1186 1014 1261 eapite
1032 1204 1085 1244 uos
1098 1204 1202 1263 egere:
1222 1196 1274 1245 sut
1290 1196 1350 1245 tres
1362 1188 1412 1246 tihi

425 1284 534 1361 Ligarii
547 1283 687 1343 retinendi
700 1284 730 1340 in
745 1284 862 1341 civitate
875 1290 942 1341 sunt
954 1290 1006 1341 sut
1018 1292 1076 1340 tres
1094 1300 1133 1341 ex
1145 1284 1263 1342 eisitate
1277 1286 1413 1342 extermi-

424 1381 519 1439 uandi.
561 1378 688 1454 Quodvis
701 1380 837 1437 exsilium
850 1379 895 1437 his
909 1388 953 1437 est
964 1380 1095 1455 optatius,
1108 1398 1195 1455 quum
1208 1381 1313 1457 patria,
1326 1398 1411 1457 quam

424 1476 532 1547 domus,
552 1494 639 1551 quam
658 1474 699 1533 dii
718 1484 845 1551 penates,
866 1492 923 1532 uno
942 1474 991 1533 illo
1011 1476 1168 1533 exsulante.
1204 1474 1252 1535 ·Si
1277 1476 1411 1548 freter-ue,

386 1584 416 1631 1⁰
424 1560 448 1629 sl
469 1572 523 1648 pie,
543 1572 569 1629 si
591 1589 656 1631 oum
678 1570 776 1629 dolore
798 1568 914 1639 faciunt,
935 1577 1071 1628 moveant
1095 1580 1123 1629 te
1146 1570 1247 1629 horum
1268 1571 1411 1643 lacrimae,

424 1676 539 1726 moveat
551 1667 651 1743 pietas,
663 1674 778 1724 moveat
788 1666 983 1742 germanitsst
1003 1666 1097 1724 valeat
1109 1675 1159 1725 tera
1176 1684 1236 1725 vox
1252 1666 1312 1737 illa,
1325 1663 1410 1743 'quos

424 1765 502 1823 vioit.
541 1762 587 1821 Te
606 1763 683 1821 enim
701 1762 797 1821 dieere
816 1759 1011 1831 audiebamus,
1033 1777 1086 1819 nos
1106 1778 1205 1820 omues
1228 1762 1409 1823 sdvemrioe

424 1869 533 1939 putate,
545 1861 601 1919 nisi
614 1859 664 1936 qui
676 1858 823 1917 nobiseum
837 1865 949 1916 essent:
968 1864 998 1915 te
1011 1876 1117 1929 omues,
1130 1860 1180 1934 qui
1198 1870 1299 1918 eontra
1311 1868 1343 1917 te
1354 1878 1410 1919 nou

424 1964 527 2029 essent,
541 1964 614 2014 tuos.
652 1954 780 2014 Videsne
794 1955 882 2031 igitur
894 1956 970 2013 huno
982 1950 1174 2030 ⁸spleudoresn
1187 1957 1324 2027 omnium,
1338 1956 1411 2015 tane

387 2051 619 2112 loBrooehorum
642 2052 766 2121 domum,
788 2050 865 2109 huno
888 2048 923 2106 L
945 2049 1095 2121 Muluium,
1121 2048 1154 2109 O.
1180 2049 1353 2121 Caesetium,
1378 2051 1410 2109 L

426 2146 590 2218 Corfidium,
612 2147 665 2205 hos
687 2164 785 2205 omues
808 2146 920 2220 equites
945 2144 1097 2217 Romame,
1120 2147 1171 2222 qui
1198 2146 1304 2205 adsum
1331 2158 1410 2205 sate

424 2253 541 2315 mumta,
560 2262 617 2302 nou
637 2242 730 2302 solum
749 2252 831 2301 notos
851 2242 912 2313 tibi,
932 2258 1033 2299 verum
1053 2242 1140 2301 etiam
1160 2244 1294 2318 prubstos
1315 2242 1411 2301 unul

424 2339 534 2399 Tecum
553 2339 677 2398 fuerunt
717 2339 816 2415 Atque
837 2338 881 2395 his
901 2338 1100 2410 irasoebumuq
1114 2339 1166 2397 hos
1187 2341 1410 2415 requirebamus,

425 2436 469 2494 his
489 2436 617 2494 nonnulli
638 2437 725 2495 etiam
745 2436 935 2494 minabuntur.
977 2430 1124 2493 Consum
1143 2434 1231 2512 igitur
1250 2436 1308 2494 tuis
1328 2454 1410 2495 snos:

305 2543 309 2549 “
386 2543 418 2592 20
427 2542 466 2603 ut,
478 2532 717 2607 quemadmodum
730 2541 834 2603 cetera,
844 2548 918 2607 qnae
931 2529 1007 2590 diets
1020 2540 1087 2589 suut
1099 2550 1117 2590 s
1129 2541 1167 2603 ts,
1177 2532 1218 2592 sio
1232 2534 1286 2591 hoe
1299 2534 1410 2591 ses-ini·

425 2646 503 2685 mum
517 2629 683 2705 reperiatur.
1351 2646 1355 2657 ⁴

465 2724 540 2783 XII.
581 2724 628 2783 et
649 2724 778 2800 Quodsi
798 2726 913 2803 penitus
933 2726 1094 2803 perspioere
1114 2744 1211 2803 posses
1231 2727 1410 2787 uonoordism

426 2821 615 2899 Ligariorum,
627 2840 725 2881 omnes
737 2822 841 2883 fratres
855 2833 949 2882 tecum
958 2822 1104 2899 judicares
1117 2822 1213 2883 fuisse.
1255 2824 1305 2882 An
1321 2832 1411 2900 potest

426 2920 578 2997 quisquam
597 2918 737 2993 dubitem,
755 2920 834 2998 quin,
848 2921 874 2979 si
888 2918 924 2995 Q.
940 2920 1073 2997 Ligarius
1093 2921 1123 2978 iu
1143 2920 1227 2979 Iulia
1247 2939 1310 2979 esse
1331 2930 1411 2998 potu·

387 3018 505 3089 suisset,
531 3018 561 3075 in
588 3018 687 3076 eadem
714 3020 855 3077 sententia
881 3017 981 3077 fuisset
1008 3016 1129 3090 firturus,
1156 3019 1186 3077 in
1220 3038 1279 3095 qua
1306 3018 1410 3078 frenes

426 3112 564 3173 fuerunt?
605 3113 678 3189 Quia
696 3123 748 3187 est,
769 3116 819 3192 qui
841 3116 942 3173 horum
965 3134 1132 3175 eonsensum
1152 3116 1363 3192 conspirantem
1384 3128 1411 3174 et

426 3231 518 3289 paene
532 3212 683 3271 oonflstum
701 3212 731 3270 in
748 3213 803 3271 hoo
821 3230 910 3289 prope
924 3212 1097 3288 aequalitate
1116 3211 1243 3271 fusterna
1256 3232 1314 3271 non
1328 3230 1411 3271 nove·

427 3308 485 3367 rit?
504 3311 553 3383 qui
572 3310 626 3367 hoo
644 3328 701 3367 non
721 3310 833 3380 sentiat,
847 3308 960 3384 quidvis
979 3310 1057 3385 prius
1074 3308 1202 3367 futurum
1215 3308 1313 3381 fluisse,
1326 3327 1411 3385 quam

428 3416 460 3463 ut
483 3404 513 3460 hi
536 3404 640 3463 fratres
665 3404 792 3463 diversas
818 3404 972 3463 sententies
995 3404 1180 3480 fortunasque
1205 3402 1412 3479 sequerentur?

388 3500 585 3561 soVoluntate
605 3501 693 3577 igitur
711 3518 809 3560 omnes
830 3510 926 3559 tecum
944 3500 1075 3559 fuerunt:
1096 3510 1264 3577 tempestate
1278 3502 1411 3579 obreptus

428 3606 471 3655 est
484 3614 575 3664 uuus3
595 3596 683 3671 quisi
696 3596 815 3655 oonsilio
833 3596 862 3654 id
880 3594 1001 3667 fecisset,
1016 3607 1090 3654 esset
1107 3616 1204 3655 eorum
1219 3596 1329 3668 similis,
1343 3616 1412 3673 quos

428 3705 459 3753 tu
472 3703 567 3751 tameo
581 3692 675 3751 salvos
688 3712 751 3751 esse
763 3693 887 3751 voluisti.
927 3690 974 3750 85.
997 3690 1055 3751 Sed
1075 3689 1151 3750 ¹ierit
1171 3692 1208 3751 ad
1227 3694 1344 3763 bellum,
1358 3694 1413 3751 dis·

428 3790 549 3849 senserit
562 3808 618 3847 non
632 3808 650 3847 u
662 3797 693 3847 te
706 3790 805 3860 solnm,
819 3806 920 3847 verum
935 3790 1021 3847 etium
1035 3807 1052 3846 a
1070 3788 1224 3847 fratribus:
1244 3790 1274 3847 hi
1288 3796 1319 3848 te
1332 3800 1413 3849 orent

428 3888 479 3945 tui.
532 3886 687 3961 Equidem,
714 3882 813 3960 ¹quum
842 3886 898 3941 tuis
931 3884 1062 3943 omnibus
1090 3886 1210 3961 negotiis
1236 3884 1413 3957 interessem,

389 3982 566 4045 ttmemoria
585 3990 677 4052 teneo,
696 3982 790 4057 qualis
809 3979 846 4038 Τ.
865 3980 998 4057 Ligarius
1017 3976 1163 4056 'quaestor
1183 3982 1314 4040 urbanus·
1329 3982 1413 4041 fuerit

428 4096 498 4155 erga
516 4086 546 4136 te
565 4086 594 4136 et
609 4078 777 4154 dignitatem
797 4086 885 4135 tuam
927 4074 985 4137 Sed
1004 4094 1106 4155 purum
1122 4084 1166 4135 est
1181 4094 1228 4135 me
1245 4078 1299 4135 hoe
1317 4080 1413 4137 memi-

429 4173 522 4232 nisse:
542 4190 625 4249 spem
645 4172 732 4232 etium
750 4182 788 4244 te,
808 4173 859 4248 qui
878 4172 1008 4233 oblivisci
1027 4172 1098 4231 nihil
1119 4170 1191 4231 soles
1212 4172 1266 4231 nisi
1287 4172 1415 4250 injurias,
