3317 4984
456 557 541 603 coss.
562 558 694 601 resurr.
717 558 819 601 rame.
840 558 890 600 1³1..
910 557 1056 601 snusrm.
1208 540 1265 600 311

190 712 359 789 judicium
375 730 521 781 vestrum
535 720 572 781 ad
591 740 690 799 regem
703 718 816 781 deserte
830 720 936 779 debere
948 720 1033 796 eique
1053 718 1228 795 praesidium

194 832 306 873 meum
322 824 360 873 et
375 816 479 875 fidem
492 827 522 875 et
535 818 712 896 diligentiam
724 816 861 894 polliceri,
873 825 914 890 nt,
924 818 1060 892 quoniam
1072 817 1151 875 salus
1160 816 1229 894 ipsi-

195 922 242 975 us,
257 905 474 967 incolumitas
488 909 570 987 regni
590 908 661 967 mihi
674 907 871 967 commendata
888 916 964 965 esset
977 926 996 965 a
1007 908 1098 977 vobis,
1110 908 1227 979 diceret,

195 1000 223 1058 si
245 1000 328 1076 qnid
353 1002 468 1062 vellet.
510 1004 538 1061 5.
561 1002 644 1079 Quae
663 1022 754 1080 quum
774 1021 867 1065 essem
886 998 927 1061 'in
947 1004 1064 1061 consilio
1082 1022 1148 1061 meo
1160 1022 1227 1063 cum

195 1114 273 1173 rege
297 1097 444 1171 100th
459 1100 540 1171 initio
559 1098 609 1159 ille
628 1098 763 1157 orationis
782 1117 855 1157 suae
867 1098 949 1157 robis
968 1099 1119 1170 maximas,
1133 1108 1165 1157 ut
1177 1099 1227 1157 de-
1250 1110 1266 1159 ⁶

196 1190 278 1263 buit,
292 1192 422 1253 deinde
445 1196 532 1253 etiam
553 1194 624 1251 mihi
645 1192 752 1271 gratias
772 1193 839 1269 egit,
852 1192 930 1268 qnod
949 1193 977 1251 ei
996 1212 1184 1270 permagnum
1197 1202 1227 1253 et

197 1288 479 1363 perhonorifionm
489 1292 649 1362 videbatur,
664 1287 695 1349 S.
710 1288 746 1347 P.
762 1286 798 1363 Q.
814 1288 851 1347 R
865 1298 961 1347 motae
975 1308 1062 1349 curae
1075 1308 1138 1349 esse
1151 1290 1228 1349 selu·

200 1393 266 1441 tem
281 1402 382 1443 suam
398 1406 510 1463 meque
523 1396 632 1445 tantam
647 1386 824 1462 diligentiam
838 1385 984 1456 adhibere,
993 1394 1026 1443 ut
1038 1395 1068 1443 et
1080 1404 1147 1445 mea
1155 1386 1226 1445 lldes

201 1488 234 1537 et
256 1484 540 1543 commendationis
556 1492 652 1541 vestra
672 1482 825 1541 auctoritas
845 1480 969 1557 perspici
982 1490 1086 1556 posset
1125 1481 1226 1558 Atque

202 1574 257 1633 ille
271 1577 396 1653 primo,
413 1578 491 1655 qnod
511 1580 581 1637 mihi
596 1578 740 1637 mximas
754 1577 881 1637 laetitiae
894 1576 956 1647 fuit,
968 1577 1136 1637 itamecum
1148 1577 1266 1638 locu-1⁰

203 1678 253 1729 tus
268 1680 330 1743 est,
345 1684 387 1731 ut
403 1674 499 1733 nullas
512 1674 631 1733 insidias
653 1692 748 1751 neque
763 1673 841 1739 vitae
858 1691 928 1731 snae
941 1691 1036 1747 neque
1048 1692 1139 1749 regno
1151 1672 1227 1731 dice·

205 1775 254 1825 ret
268 1786 304 1827 sa
327 1779 391 1829 aut
413 1771 575 1849 intelligere
589 1770 652 1829 lieri
665 1778 716 1829 ant
729 1770 815 1843 etiam
829 1769 976 1845 suspicari.
1018 1767 1117 1843 Quum
1129 1787 1185 1846 ego
1197 1769 1226 1827 ci

207 1864 393 1939 maletus
416 1885 509 1925 essem
529 1868 616 1943 idque
636 1886 683 1927 me
704 1865 832 1943 gaudere
850 1864 998 1935 dixissem,
1010 1865 1181 1935 cohortatus,
1194 1873 1227 1923 nt

209 1960 434 2020 recordaretur
453 1958 561 2021 Βιιιιειιιιι
581 1963 664 2021 illum
687 1961 819 2021 interitus
848 1960 960 2037 paterni
980 1969 1009 2018 et
1022 1960 1175 2037 vigilanter
1193 1978 1226 2019 sc

211 2064 358 2115 tueretur
382 2066 475 2134 atque
486 2058 632 2117 admonitu
646 2068 761 2117 senatus
775 2056 935 2115 consuleret
948 2056 1034 2114 saluti
1047 2074 1125 2125 suaa
1135 2064 1196 2113 tum
1205 2074 1225 2115 a
1234 2070 1265 2117 ιο

213 2168 263 2209 me
276 2152 426 2213 discessit
439 2154 470 2213 in
479 2154 615 2231 oppidum
628 2152 770 2231 Cybistra.
814 2152 841 2210 6.
862 2152 986 2210 Postero
996 2160 1092 2209 antem
1102 2152 1225 2211 discum

215 2244 411 2323 ’Arimthe
424 2234 513 2311 iratis
532 2270 592 2323 suo,
607 2260 715 2311 etcum
734 2251 860 2327 paternis
874 2250 973 2309 amieis
985 2247 1142 2324 majoribus
1154 2257 1225 2307 natn

218 2344 258 2403 ad
270 2364 323 2404 me
339 2346 376 2404 in
392 2356 486 2406 castra
500 2348 587 2419 venit,
606 2348 847 2423 perturbatusque
861 2353 892 2404 et
904 2345 985 2415 flens,
997 2362 1089 2420 quum
1106 2344 1183 2402 idem
1195 2352 1226 2403 et

220 2438 317 2499 irater
328 2440 445 2502 faceret
455 2452 485 2501 et
497 2442 590 2515 amici,
599 2460 694 2501 meam
708 2442 802 2513 iidem,
813 2451 939 2500 vestram
949 2441 1225 2501 commendationem

220 2536 389 2613 implorare
398 2538 499 2615 coepit
542 2536 640 2613 Quum
650 2538 817 2610 admirarer,
826 2537 896 2613 quid
905 2537 1056 2595 accidisset
1064 2536 1142 2608 nori,
1148 2536 1224 2595 dixit
1230 2547 1264 2597 ω

223 2632 262 2691 ed
274 2651 309 2691 se
323 2634 436 2693 indicia
449 2633 664 2693 manifestarum
677 2634 845 2693 insidiarum
858 2653 921 2693 esse
934 2634 1037 2705 delate,
1045 2653 1119 2709 qnae
1128 2642 1225 2693 essent

224 2736 293 2788 ante
315 2730 479 2789 adventum
499 2748 596 2789 meum
616 2730 765 2801 coccium,
786 2730 864 2807 quod
886 2729 917 2802 ii,
934 2730 985 2805 qui
1005 2748 1042 2789 ea
1062 2728 1224 2806 patefacere

226 2835 358 2899 possent,
379 2835 497 2903 propter
518 2834 626 2911 metum
646 2826 846 2894 reticuissent;
865 2845 901 2885 eo
914 2835 1010 2884 antem
1030 2834 1159 2902 tempore
1171 2842 1225 2902 spe

226 2921 284 2979 mei
299 2922 440 2997 praesidii
454 2922 613 2999 complures
625 2940 668 2993 ea,
680 2938 754 2997 quae
769 2923 883 2995 scirent,
896 2922 1033 2981 audacter
1045 2922 1085 2981 ad
1098 2941 1130 2981 so
1142 2921 1224 2980 detn-

228 3014 318 3084 lisse;
339 3018 372 3075 in
385 3018 420 3075 iis
433 3018 658 3079 amantissimum
672 3018 725 3089 sui,
739 3036 852 3075 summa
866 3019 973 3093 pietate
993 3018 1154 3095 praeditum
1166 3016 1263 3077 fra-25

228 3118 303 3170 trem
317 3114 417 3173 dicero
431 3132 475 3185 ea,
484 3130 559 3189 quac
573 3130 619 3171 mc
634 3113 659 3171 is
673 3130 786 3189 quoque
802 3114 937 3172 audiente
947 3114 1070 3185 dicebat,
1079 3132 1111 3173 se
1121 3113 1226 3173 sollici-

231 3214 323 3265 tatum
338 3226 411 3279 esse,
421 3217 454 3265 nt
466 3226 587 3285 regnare
604 3208 708 3276 vellet3
729 3208 758 3267 id
773 3210 842 3266 vivo
855 3208 944 3269 fratre
958 3229 1010 3267 sno
1022 3211 1153 3286 accipere
1165 3228 1223 3267 non

231 3304 379 3377 potuissc;
399 3322 431 3364 se
451 3313 547 3363 temen
567 3312 634 3363 ante
655 3305 726 3363 illud
747 3314 859 3383 tempus
878 3324 943 3365 eam
957 3325 1018 3364 rem
1032 3324 1179 3381 nunqnam
1191 3305 1223 3363 in

233 3400 360 3459 medium
374 3410 490 3477 propter
503 3400 623 3478 periculi
633 3412 742 3462 metum
753 3405 913 3482 protulisse.
957 3404 1039 3479 Quae
1047 3422 1137 3480 quum
1147 3412 1224 3462 esset

233 3492 353 3567 locotus,
366 3496 463 3555 monui
475 3514 583 3573 regem,
599 3508 631 3557 ut
644 3518 757 3559 omnem
772 3500 950 3577 diligentiam
960 3501 998 3559 nd
1011 3519 1042 3559 se
1053 3510 1263 3559 conseram-to

235 3589 302 3649 dnm
322 3592 480 3665 adhiberet,
495 3598 658 3673 amicosque
673 3598 762 3675 patris
781 3598 845 3674 ejus
858 3608 945 3675 etque
957 3600 1006 3657 avi
1018 3596 1145 3674 ¹⁰jndicio
1158 3616 1223 3674 pro·

235 3686 313 3747 batos
333 3689 462 3749 hortatus
487 3710 559 3765 snm,
580 3694 657 3771 regis
678 3694 722 3753 sni
743 3695 833 3753 vitam
853 3695 928 3753 docti
952 3714 1019 3755 casu
1039 3694 1223 3753 acerbissimo

237 3784 322 3857 patris
336 3783 399 3860 ejus
412 3788 490 3845 omni
501 3808 571 3847 oure
581 3790 764 3866 custodiaque
776 3789 969 3850 defenderent.
1010 3791 1037 3848 ⁷.
1060 3790 1157 3865 Quum
1168 3808 1221 3847 rex

237 3894 312 3939 ame
326 3882 482 3957 equitatum
497 3885 684 3961 cohortesque
704 3886 741 3945 tle
754 3888 883 3945 exercitu
905 3906 970 3945 meo
989 3888 1156 3963 postularet,
1168 3885 1222 3943 etsi

238 3972 428 4055 intelligebam
449 3990 546 4040 vestro
565 3992 681 4039 senatus
701 3982 829 4041 consulto
850 4002 907 4042 non
926 3984 1011 4042 modo
1031 4001 1115 4059 posse
1130 4000 1178 4039 me
1191 3981 1262 4041 idas

238 4066 328 4133 facere
350 4075 401 4134 sed
422 4074 508 4135 etiam
522 4076 635 4148 debere,
650 4086 754 4149 tamen,
768 4096 857 4153 quum
870 4097 918 4137 res
938 4079 1053 4155 publica
1066 4076 1223 4153 postularet

206 4230 212 4239 ¹
241 4183 350 4247 propter
363 4170 541 4247 quotidianos
549 4189 593 4313 lep
607 4168 695 4249 Syria
707 4173 829 4244 nuntios,
843 4181 876 4231 nt
887 4191 975 4249 quam
995 4172 1120 4250 primum
1140 4188 1223 4231 exer·
